3264 4812
244 403 325 494 708
568 378 821 468 Continuatio
850 373 1209 462 Monumentomm
1289 419 1294 428 ·

246 607 540 692 tranllerrerrtur,
570 605 623 677 ita
646 607 745 700 qrrud
770 600 904 677 lructos
938 603 1097 678 redditus
1129 618 1168 678 et
1192 620 1393 698 prouentus
1420 609 1552 682 huius-

245 705 347 774 modi
380 706 475 772 inter
505 700 936 773 duodecim-canonicos
975 699 1153 792 equaliter
1184 697 1434 773 diuiderentur
1471 705 1559 776 Pre-

243 797 380 890 politus
405 815 491 866 uem·
519 815 556 864 ct
574 795 740 867 uecanus
766 815 832 888 pro
858 811 1025 886 tempore
1050 792 1246 866 existentes
1272 795 1378 887 iplius
1398 793 1555 893 erigen-

244 891 291 962 dc
317 890 461 959 ecclelia
486 889 671 982 duplicem
697 893 905 983 portionem
938 889 1133 972 haberent,
1162 907 1206 961 ac
1237 888 1293 961 ius
1327 907 1558 982 patronatus

244 1000 283 1053 et
306 982 536 1078 prelentandi
561 983 750 1072 personam
775 983 955 1074 ydoneam
981 982 1026 1053 ad
1041 982 1300 1075 Preposrturam
1327 983 1559 1077 erigendam

244 1073 447 1148 huiusmodi
473 1073 617 1164 prelato
642 1074 866 1148 ALssERTO
893 1073 985 1146 Daci
1011 1074 1172 1146 decuinl'
1191 1075 1302 1147 etiam
1327 1077 1404 1148 iure
1421 1092 1560 1170 patro·

243 1190 352 1244 natus
378 1169 600 1263 Prepolitura
625 1171 721 1243 dicte
745 1169 890 1242 ecclelie
913 1167 1021 1240 lancti
1037 1167 1173 1258 Arlacij
1196 1169 1391 1254 existebat,
1418 1187 1459 1240 et
1475 1169 1560 1242 suc·

245 1261 439 1335 callirrilrus
465 1263 532 1334 l'uis
557 1264 630 1335 alte
655 1282 693 1335 et
718 1261 811 1336 balle
837 1263 983 1336 [lauarie
1005 1259 1165 1358 Ducibus
1193 1282 1260 1354 pro
1283 1282 1455 1356 tempore
1471 1264 1560 1336 exi·

245 1357 418 1429 stentiltus
444 1375 625 1448 perpetuo
650 1357 910 1440 amentaretur,
947 1372 986 1427 et
1008 1355 1271 1428 concederetur
1295 1357 1466 1450 prolecto
1503 1379 1559 1430 ex

244 1451 353 1524 dictis
372 1452 509 1520 duobus
534 1450 709 1521 ruralibus
726 1451 897 1542 collegiis
914 1450 1033 1522 Unum
1057 1448 1195 1544 insigne
1219 1467 1258 1521 et
1284 1449 1448 1525 nutabile
1463 1453 1560 1522 Col·

243 1545 381 1636 legium
405 1541 507 1614 lieret
532 1541 736 1637 prefatique
762 1543 934 1615 canonici
971 1560 1123 1636 propter
1153 1543 1221 1615 loci
1255 1543 1480 1637 dignitatem
1518 1557 1561 1615 et

240 1639 372 1801 Eupoli
391 1635 653 1709 “confluentiam
678 1656 719 1708 aa
734 1637 906 1729 Principis
931 1634 1167 1708 deuotiunem
1192 1655 1230 1708 et
1246 1637 1476 1728 personalem
1495 1657 1559 1709 re·

270 1733 431 1803 dentiam
447 1733 492 1800 ad
517 1729 637 1802 diuina
662 1729 778 1802 ollicia
801 1731 890 1803 inibi
909 1729 1043 1803 deuote
1059 1749 1098 1802 et
1111 1729 1344 1802 laudabiliter
1358 1732 1559 1804 celebran-

242 1825 291 1897 da
316 1823 566 1917 diligentiores
591 1841 628 1896 et
652 1824 867 1896 attentiores
893 1826 1131 1896 redderentur
1154 1845 1201 1894 ex
1221 1843 1296 1916 quo
1312 1827 1429 1896 cultus
1446 1820 1561 1893 Diui·

239 1939 328 2002 nus‚
351 1939 434 1991 cunr
461 1916 588 2011 populi
614 1917 811 1990 deuotione
836 1917 925 1989 inibi
953 1915 1146 2010 plurimum
1179 1935 1398 2010 augeretur,
1430 1914 1556 2008 idque

241 2014 288 2083 ad
313 2010 536 2105 spiritualem
561 2010 844 2084 consolationem
871 2012 999 2104 populi
1024 2010 1183 2080 eioldem
1204 2009 1321 2101 Opidi
1344 2029 1387 2082 ac
1405 2008 1558 2080 anima·

241 2125 321 2178 rum
346 2105 496 2177 salntem
520 2107 667 2178 cederet
692 2104 852 2196 prelatos
878 2122 1025 2198 qunque
1056 2104 1132 2174 dux
1162 2104 1297 2174 lrucrus
1323 2100 1450 2176 Mense
1474 2101 1558 2176 Ca·

242 2199 408 2294 pitularis
420 2198 519 2270 dicte
544 2197 690 2268 ecclelie
705 2199 877 2271 continue
891 2215 1129 2294 augmentare
1152 2197 1330 2281 studeret,
1355 2195 1560 2290 ipsamque

241 2291 428 2366 ecclefiam
453 2290 655 2384 priuilegiis
679 2308 716 2363 et
741 2291 967 2364 libertatibus
994 2288 1191 2363 honorilice
1215 2293 1432 2374 decoraret,
1467 2309 1557 2384 pre-

240 2385 337 2458 latus
355 2384 676 2458 lNNOCllNTlUS
693 2382 920 2480 predecellor
945 2384 1023 2458 snas
1047 2384 1185 2456 litteras
1210 2402 1314 2455 motu
1333 2383 1490 2477 proprio
1514 2384 1558 2455 in

242 2476 575 2563 sanetiUdalriciet
592 2476 702 2551 lancti
720 2479 853 2567 ursacii
871 2477 1028 2567 ecclelijs
1048 2476 1222 2571 predictis
1237 2477 1486 2570 Preposrturas
1514 2491 1557 2547 et

240 2569 452 2645 Decanatus
476 2568 664 2666 prefatos,
693 2590 731 2644 et
758 2591 797 2644 ut
824 2573 1022 2668 Prepolitns
1050 2575 1216 2645 Decnnus
1241 2586 1280 2641 et
1305 2567 1487 2642 canonici
1514 2569 1556 2642 in

242 2666 341 2739 dicta
364 2665 539 2759 erigenda
563 2665 711 2738 ecclesia
735 2667 934 2759 deputandi
957 2665 1138 2739 honestius
1164 2667 1289 2735 uiuere
1314 2678 1351 2736 et
1362 2683 1483 2736 onera
1496 2662 1554 2734 eis

240 2757 494 2832 incumbentia
515 2755 656 2830 Facilius
688 2757 902 2852 supportare
935 2763 1120 2844 ualerent,
1165 2758 1204 2830 in
1230 2757 1393 2852 qualibet
1428 2753 1551 2830 sancti

240 2851 400 2925 Udalrici
424 2868 462 2924 et
485 2849 595 2923 lancti
621 2849 757 2941 Arsacij
784 2854 1009 2926 ecclesiarum
1043 2849 1288 2944 predictarum
1312 2850 1405 2922 Tres
1428 2855 1555 2925 Cano-

240 2944 382 3017 nicatus
408 2961 446 3019 et
471 2945 629 3018 totidem
643 2946 846 3039 prebendas
872 2969 963 3042 quos
982 2967 1068 3020 tunc
1093 2948 1213 3040 primo
1238 2964 1305 3111 get
1324 2939 1460 3019 cellum
1490 2945 1550 3018 uel

242 3035 424 3112 decellum
448 3036 507 3110 seu
532 3040 699 3131 quamuis
723 3040 832 3112 aliam
858 3039 1095 3113 dimillionem
1121 3041 1244 3112 illoso
1272 3037 1472 3112 tinentinm
1491 3057 1554 3112 ua·

241 3151 324 3204 care
348 3131 580 3228 contingeret
604 3151 739 3206 extunc
763 3136 900 3228 absque
925 3149 1050 3207 tamen
1077 3133 1282 3227 preindicin
1298 3131 1550 3225 Prepolituras

241 3223 452 3299 Decanatus
464 3245 507 3297 ac
518 3228 760 3299 canonicatus
775 3245 813 3300 et
826 3229 1026 3323 prebendas
1051 3243 1138 3300 tuuc
1153 3227 1402 3299 obtinentium
1422 3227 1551 3331 quoad

242 3318 385 3394 uiueret
416 3320 632 3392 auctoritate
663 3321 863 3413 apostolica
897 3323 1046 3415 penitus
1072 3315 1259 3413 supprellrt
1293 3335 1332 3391 et
1364 3321 1555 3408 extruxit,

242 3433 285 3486 ac
310 3409 489 3509 prefatam
523 3413 708 3487 ecclesiam
741 3416 851 3488 beate
883 3415 997 3488 Marie
1029 3414 1067 3488 in
1094 3413 1336 3509 Collegiatam
1362 3415 1554 3488 eccleliam

243 3527 330 3579 cnm
354 3507 471 3604 agillo
495 3523 533 3579 et
557 3509 663 3581 archa
688 3510 901 3582 comunibus
923 3529 966 3582 ac
990 3507 1068 3598 alijs
1088 3507 1347 3602 Collegialibus
1372 3505 1552 3604 inligans,

241 3621 309 3673 nec
334 3620 409 3672 ηοη
434 3600 541 3673 inea
566 3601 684 3674 Unam
710 3604 972 3698 Preposrturam
999 3601 1238 3697 principalem
1266 3621 1333 3693 pro
1360 3600 1443 3673 Uno
1469 3601 1553 3676 Pre-

241 3694 360 3861 gnlito
384 3693 446 3786 qui
472 3710 581 3787 capnt
605 3695 768 3788 Capituli
801 3692 908 3784 elles,
941 3712 979 3768 et
1013 3693 1317 3789 preeminentiam
1349 3705 1466 3786 prout
1492 3695 1552 3768 alii

270 3786 417 3880 repoliri
432 3785 584 3861 aliarum
602 3789 886 3884 collegiatarum
902 3790 1129 3862 eccleliarum
1153 3787 1294 3860 illarum
1308 3786 1467 3880 partium
1488 3786 1553 3863 ha-

242 3883 353 3963 bent,
377 3880 528 3953 haberet
550 3897 589 3954 et
614 3882 735 3956 Unum
760 3884 991 3958 Decanatutn
1016 3904 1084 3975 pro
1110 3881 1191 3954 Uno
1206 3881 1359 3953 Dccano
1384 3881 1553 3955 dumodo

241 3996 290 4048 ex
314 3975 384 4045 lroc
407 3973 513 4045 alicui
539 3974 781 4069 preiudicium
807 3998 882 4051 non
906 3992 1142 4069 generaretur
1175 3974 1294 4045 erexit
1323 3989 1360 4044 et
1394 3973 1552 4047 inllittrit

241 4087 285 4145 ac
307 4065 554 4145 canonicatus
579 4085 617 4144 et
642 4073 848 4166 prebendas
874 4073 1051 4153 dictarum
1074 4067 1188 4148 lancti
1203 4065 1360 4146 Udalrici
1384 4084 1424 4141 et
1434 4065 1552 4240 Rogati
