3264 4812
498 307 717 404 Ecclesiae
742 311 790 399 ad
818 307 874 398 D·
903 309 1127 422 Virginem.
1388 322 1468 433 663

166 535 305 624 Num.
326 468 638 629 CCCLXVI.
672 532 1007 651 Indulgentiae
1026 566 1050 620 a
1071 532 1194 649 Papa
1213 565 1468 626 concessae

164 651 236 735 lar
275 649 474 735 sentibus
500 648 848 736 Eleemosinam
879 647 939 734 ad
965 645 1186 733 fabricam
1217 645 1467 739 Ecclesiae

217 679 278 848 ὅ.
302 759 363 852 V.
390 762 690 878 publicantur
711 758 768 878 ab
794 759 1033 878 Episcopo
1052 758 1410 876 bambergensi.

668 872 815 962 Anno
841 893 960 984 1480.

161 977 440 1174 PHsLIPPUS
465 1017 524 1094 dei
549 1033 589 1094 et
611 1019 813 1114 apostolice
837 1014 926 1091 sedis
950 1015 1067 1114 gratia
1084 1016 1283 1128 Episcopus
1301 1014 1469 1092 Bamber·

244 1112 362 1203 gensis
390 1113 569 1186 Uniuetsis
602 1133 639 1185 et
665 1113 810 1210 singulis
838 1113 1045 1186 Abbatibus
1071 1113 1249 1187 Prioribus
1275 1112 1468 1207 Prepositis

160 1205 308 1280 decanis
332 1209 547 1282 camerariis
573 1209 736 1283 Plebanis
763 1207 1009 1301 viceplebanis
1042 1225 1081 1281 et
1105 1230 1231 1282 eorum
1256 1208 1469 1280 lotatenen-

161 1301 258 1373 tibus
291 1304 495 1397 ceterisque
530 1300 748 1400 ptesiiytetis
781 1304 919 1375 clericis
945 1301 1102 1398 botarys
1135 1321 1175 1376 et
1209 1301 1469 1376 tabellionibus

161 1395 317 1486 publicis
336 1395 612 1495 quibuscunque
639 1419 704 1494 per
720 1396 890 1471 ciuitates
904 1416 943 1473 et
968 1398 1130 1473 dioceses
1147 1398 1281 1472 nosltas
1296 1397 1465 1471 Bamber·
1520 1430 1524 1434 ·

159 1488 288 1653 penses
315 1491 466 1567 vbilibet
489 1495 692 1566 coiissitutis
717 1496 762 1568 ad
786 1512 898 1586 quem
923 1493 984 1566 vel
1006 1494 1052 1565 ad
1078 1512 1170 1586 quos
1196 1491 1382 1586 presentes
1403 1510 1470 1563 no·

191 1601 230 1653 re
251 1583 374 1658 littere
398 1590 633 1680 peruenetint
658 1587 807 1662 salutem
831 1589 869 1662 in
894 1585 1047 1661 domitio
1065 1587 1178 1660 liodie
1197 1586 1372 1678 liquidem
1393 1584 1468 1657 Lit-

158 1687 257 1748 teias
281 1679 481 1754 sanctissimi
505 1685 542 1756 in
567 1683 696 1757 chrisio
721 1681 836 1776 patris
859 1698 900 1754 et
923 1680 1062 1755 domini
1088 1682 1197 1754 nostri
1226 1679 1349 1752 sslll'l
1375 1679 1469 1751 diui·

159 1788 209 1844 tia
233 1774 464 1864 prouidentia
489 1797 589 1870 pape
614 1781 732 1870 quarti
758 1779 910 1870 eiusque
937 1775 1140 1876 verabulla
1154 1773 1326 1869 plumbea
1340 1771 1377 1845 in
1391 1794 1471 1845 cor·

157 1862 245 1937 dola
267 1867 372 1941 rubei
399 1892 590 1964 croceique
614 1873 778 1945 colorum
806 1872 1103 1965 impendentium
1129 1870 1283 1943 bullatas
1308 1866 1409 1942 satias
1430 1883 1471 1942 et

157 1958 321 2046 inte-atas
346 1984 419 2036 non
449 1963 598 2037 viciatus
623 1988 696 2040 non
722 1968 939 2038 cancellatas
964 1985 1085 2059 neque
1114 1964 1154 2038 iii
1185 1963 1255 2037 ulia
1280 1960 1330 2035 siri
1362 1981 1470 2053 parte

157 2048 341 2147 suspectas
365 2055 420 2127 sed
446 2061 545 2131 omni
571 2060 713 2154 prorsus
737 2060 839 2132 vicio
862 2078 901 2132 et
924 2056 1125 2154 suspicione
1149 2078 1316 2131 carentes
1350 2055 1468 2130 Nobis

157 2167 228 2239 pto
254 2168 360 2244 parte
384 2153 526 2227 lsluistii
553 2154 729 2248 Principis
761 2174 800 2226 et
824 2153 966 2228 domini
997 2152 1136 2226 domini
1163 2151 1367 2225 nissum
1398 2153 1470 2224 Co·

163 2243 263 2346 mitis
278 2247 428 2334 palatini
455 2248 545 2320 lieni
565 2249 835 2344 superiorisque
856 2267 899 2324 ac
923 2244 1102 2322 inferioris
1125 2246 1276 2322 Bauarie
1301 2243 1401 2318 ducis
1427 2259 1468 2316 et

160 2349 267 2404 amici
291 2339 397 2411 nostri
432 2338 595 2415 carissimi
628 2344 850 2437 presentatus
882 2361 921 2417 et
951 2343 1105 2416 ostensas
1138 2340 1394 2434 conspeximus
1418 2359 1470 2412 eit

159 2426 291 2534 quibus
315 2436 461 2520 quidem
486 2436 617 2510 litteris
647 2435 853 2532 apostolicis
883 2437 1129 2535 comperimus
1160 2435 1406 2526 indulgentius
1431 2449 1471 2507 et

154 2521 397 2598 remissionem
428 2530 631 2624 plenariam
657 2531 821 2608 oniiiinm
847 2552 1082 2625 peccatorum
1119 2532 1229 2604 etiam
1255 2553 1277 2604 a
1302 2548 1396 2624 pena
1429 2545 1469 2601 et

158 2617 266 2710 culpa
293 2625 531 2723 timiiibuset
557 2627 703 2717 singulis
728 2626 917 2737 utriusque
952 2625 1055 2701 sexus
1089 2624 1256 2699 fidelibus
1282 2625 1469 2697 vndecuu·

160 2724 233 2817 que
257 2731 369 2784 etiam
396 2716 633 2791 venientibus
658 2719 719 2815 qui
744 2721 929 2794 ecclesiam
941 2720 1209 2815 parrochialem
1227 2720 1336 2792 Beate
1353 2715 1471 2791 Marie

157 2806 292 2908 viginis
312 2810 534 2886 Monacensis
558 2809 772 2912 frisingensis
796 2815 945 2889 diocesis
971 2815 993 2890 ai
1017 2817 1144 2911 primis
1170 2811 1330 2909 vesperis
1350 2810 1470 2885 domi·

158 2911 243 2969 nice
268 2900 380 2975 letare
407 2913 593 3002 usquead
618 2905 789 2982 secundas
815 2909 982 3005 resperas
1006 2909 1190 2984 dominice
1206 2903 1469 3004 juditaintlu-

159 2987 234 3064 siue
259 2993 482 3071 vilitauerint
514 3021 553 3075 et
577 3019 719 3078 tantum
745 3022 922 3098 quantum
948 3027 1076 3082 eorum
1103 3003 1258 3100 quilibet
1282 3018 1368 3073 octo
1392 3002 1469 3073 die·

159 3082 227 3158 bus
253 3106 322 3181 pro
348 3089 448 3165 victo
473 3090 536 3166 suo
558 3095 680 3170 solitus
706 3096 792 3173 esl'er
817 3097 1029 3174 consumere
1042 3119 1111 3194 pto
1123 3096 1400 3192 complemento
1414 3095 1471 3189 ip·

161 3175 228 3251 sius
241 3183 404 3289 ‘ecclesie
418 3205 462 3261 ac
477 3187 730 3266 structurarum
746 3191 972 3267 edificiorum
998 3216 1068 3268 nec
1083 3213 1157 3266 non
1169 3207 1471 3264 omamenturum

157 3277 439 3355 consternatione
477 3281 515 3356 iii
546 3288 724 3382 peccunia
748 3306 937 3362 numerata
987 3288 1022 3361 ie
1037 3285 1272 3379 eropeueriut
1288 3302 1331 3357 ac
1354 3283 1472 3356 etiam

160 3367 357 3478 indulgent
370 3394 410 3448 as
441 3396 533 3470 quas
562 3380 744 3456 consecuti
777 3379 920 3455 suislent
951 3309 985 3456 ε
1011 3400 1181 3476 tempore
1204 3378 1305 3455 Anni
1327 3375 1469 3473 Jubssei

158 3483 333 3558 proxime
357 3471 491 3543 decursi
517 3491 634 3546 certas
667 3475 766 3549 vrbis
800 3475 961 3549 basilicas
987 3494 1024 3551 et
1049 3474 1216 3550 ecclesias
1241 3475 1288 3547 ad
1313 3474 1384 3545 lioc
1407 3471 1471 3545 de·

160 3576 310 3651 putatas
333 3561 523 3642 visitassent
544 3568 591 3640 ab
615 3567 695 3663 ipso
718 3565 931 3642 sanctillitno
956 3571 1108 3643 domino
1132 3569 1254 3644 nolito
1278 3587 1376 3662 papa
1392 3586 1471 3638 mo·

159 3667 203 3762 tu
220 3655 377 3760 proprio
402 3659 558 3757 gratiose
581 3664 685 3736 datas
708 3680 748 3738 et
771 3660 952 3737 concessas
972 3684 1084 3758 prout
1098 3659 1167 3737 liec
1191 3683 1229 3736 et
1254 3663 1325 3737 alia
1339 3660 1469 3735 clarite

158 3767 197 3821 in
219 3751 302 3843 ipsis
328 3752 475 3829 Litteris
498 3759 706 3851 apostolicis
730 3757 903 3832 videntur
932 3760 1113 3833 contineri
1139 3758 1274 3831 idcirco
1301 3777 1367 3829 vos
1390 3775 1471 3829 om·

158 3863 226 3916 nes
251 3863 290 3921 et
313 3847 469 3945 singulos
493 3849 718 3946 supradictos
743 3872 785 3928 ac
811 3855 965 3928 vellium
986 3856 1189 3951 quemlibet
1201 3852 1323 3949 primo
1347 3847 1471 3924 secun·

161 3938 211 4008 do
235 3941 348 4016 tertio
372 3959 411 4016 et
434 3951 690 4048 perempturie
714 3947 932 4048 requirimus
954 3965 994 4022 et
1020 3969 1212 4024 monemus
1235 3967 1279 4022 ac
1302 3945 1407 4017 vobis
1430 3957 1471 4017 et

158 4033 311 4112 &silibet
335 4037 488 4114 sellium
508 4039 542 4116 in
561 4062 714 4154 virtute
737 4046 864 4135 sancte
886 4045 1093 4122 obedientie
1116 4064 1160 4120 ac
1182 4043 1244 4119 sub
1259 4038 1476 4117 excomuni-

1364 4163 1426 4220 ca·
