3200 4908
147 404 226 488 712
497 369 755 456 continuatio
787 365 1144 452 Monumentorum

150 598 260 672 ritate
292 595 405 670 libere
436 592 713 689 apprehendere
748 607 787 665 et
817 605 1000 687 perpetuo
1036 589 1194 663 retineto
1225 592 1469 689 illorumque

147 689 283 766 sruttns
309 688 471 762 redditus
496 706 534 758 et
560 705 757 776 prouentus
782 686 819 756 in
845 688 923 757 suos
955 704 993 757 ct
1024 688 1121 756 ‹licte
1150 687 1270 758 Mense
1301 689 1384 757 usus
1417 705 1467 758 et

148 786 345 859 utilitatem
372 803 439 875 pro
465 781 664 855 huiusmodi
689 781 996 853 distributionibus
1016 799 1232 852 conuertere
1261 781 1466 853 diocesani

148 879 220 951 loci
245 893 283 950 et
307 873 458 950 cuiusuis
483 877 629 949 alterius
654 874 800 947 licentia
825 871 1352 968 suptrbocmininierequisrta
1368 875 1468 944 Pre-

147 987 249 1046 tetea
274 973 319 1044 ad
345 969 567 1042 obuiantlunt
594 965 804 1056 dilserentija
817 989 888 1061 que
912 969 1007 1040 inter
1020 967 1238 1060 Preposnum
1256 968 1468 1040 llecanum

148 1084 187 1140 et
199 1063 526 1158 Capitulumiplins
540 1081 662 1134 erecte
686 1063 831 1136 ecclefie
850 1080 887 1134 et
911 1061 1005 1133 illius
1031 1081 1098 1153 pro
1113 1063 1468 1154 temporeexillen·

148 1175 225 1234 tem
254 1160 445 1230 Rectorem
480 1157 674 1231 Plebanum
708 1173 955 1250 nuncupatum
987 1151 1235 1249 premissorum
1259 1156 1467 1227 occasione

147 1251 297 1326 suboriri
324 1246 485 1346 pnlsent,
516 1252 734 1324 anctoritate
765 1251 928 1343 predicta
953 1249 1137 1322 ssatuinnn
1172 1270 1210 1323 et
1238 1248 1464 1323 ordinamus

179 1348 249 1420 uod
274 1343 368 1418 circa
393 1347 558 1418 diuinum
585 1342 741 1416 oilie-ium
773 1345 809 1416 in
841 1343 914 1438 ipsa
941 1361 1063 1416 erecta
1093 1343 1239 1416 ecclelia
1263 1345 1462 1418 celebran-

148 1366 236 1514 3um
260 1459 302 1510 ac
327 1437 646 1511 borasCanonicas
672 1440 817 1510 diurnas
843 1459 881 1509 ct
907 1457 1100 1509 nocturnas
1126 1438 1381 1530 perl'olnentlas
1400 1441 1462 1512 le·

148 1533 289 1627 gerallus
313 1548 352 1604 et
375 1531 621 1604 oecuntonns
646 1531 880 1625 prouidentur
905 1549 1014 1626 prout
1043 1531 1110 1604 iuri
1144 1550 1181 1602 et
1206 1532 1337 1604 rationi
1360 1551 1443 1603 con

148 1628 274 1702 linium
302 1624 431 1704 suerit,
463 1647 529 1720 per
554 1627 701 1719 eosqui
727 1625 819 1697 circa
844 1627 904 1698 illa
929 1633 975 1698 ne
1002 1627 1081 1698 iure
1105 1628 1259 1696 llattrere
1283 1619 1461 1717 possunt,

147 1719 210 1816 qui
235 1717 437 1813 respectum
460 1719 618 1792 babeant
648 1723 694 1792 aul
720 1720 807 1792 dicti
834 1719 945 1790 llucis
976 1719 1212 1791 deuotionem
1239 1733 1278 1788 ut
1300 1716 1336 1790 se
1359 1739 1461 1789 con·

146 1815 328 1900 lorment,
352 1813 429 1885 eius
453 1816 517 1906 pie
541 1813 656 1883 menti
685 1831 722 1885 et
745 1813 931 1884 deuotioni
957 1832 1031 1905 quo
1055 1813 1183 1885 melius
1207 1811 1283 1886 lieri
1306 1811 1461 1903 poterit

146 1909 320 2003 quothue
351 1927 434 1979 cura
466 1905 669 1979 anima:nm
701 1905 814 1977 totius
845 1906 939 1978 Cleri
974 1907 1071 1978 ‹lietc
1103 1907 1250 1978 ecclesie
1278 1904 1456 1999 illiusque

147 2002 326 2074 correctio
351 2003 425 2071 solo
451 2000 635 2094 Prepostto
660 2016 819 2090 excepto
847 2003 945 2092 apud
971 2001 1105 2070 dictam
1129 1999 1311 2070 ecclesiam
1332 2019 1457 2092 quan·

148 2111 226 2168 tum
250 2094 296 2165 ad
323 2093 484 2165 diuinum
510 2095 645 2165 cultum
672 2092 826 2175 attinet,
850 2095 896 2164 au
916 2091 1105 2164 llecanum
1131 2092 1335 2184 pertineat,
1359 2109 1454 2162 cura

144 2209 234 2262 uera
259 2187 460 2260 animarum
485 2187 613 2281 populi
638 2182 695 2259 seu
717 2185 1032 2278 parrochianorutn
1058 2187 1165 2280 ipsius
1187 2186 1333 2258 ecclesie
1346 2185 1454 2276 apud

144 2285 341 2358 Rectorem
368 2278 426 2353 seu
453 2283 631 2374 pallorem
657 2281 861 2376 predictum
896 2299 935 2352 ut
969 2281 1067 2373 prius
1093 2279 1233 2372 semper
1257 2293 1452 2351 remaneat

144 2375 297 2470 ipseque
323 2377 454 2448 Rector
488 2375 550 2468 qui
575 2395 643 2469 pro
677 2393 847 2466 tempore
878 2371 988 2444 suerit
1017 2373 1159 2445 ratione
1194 2373 1255 2444 sue
1274 2373 1451 2445 Rectorie

143 2468 377 2564 personatum
406 2468 524 2539 Unum
551 2487 593 2540 ac
617 2469 737 2540 locum
763 2469 834 2538 line
857 2467 994 2538 ssallum
1011 2466 1049 2538 in
1064 2468 1183 2539 Choro
1206 2467 1314 2560 ipsius
1331 2467 1451 2537 eccle·

143 2563 192 2635 lie
216 2561 389 2633 imediate
415 2559 494 2652 post
520 2558 707 2634 Decanum
733 2560 839 2656 iplicu
865 2583 952 2634 nero
977 2557 1450 2652 RectorisCapellaniCoo-

143 2670 334 2750 peratores
365 2653 562 2747 nuncupati
598 2655 677 2728 loca
708 2654 745 2728 in
777 2657 896 2728 Choro
929 2655 1130 2726 huiusmodi
1161 2653 1335 2725 imetliate
1391 2653 1451 2725 ost

145 2747 350 2822 canonicos
374 2763 411 2818 et
437 2765 522 2819 ante
547 2745 637 2820 alios
660 2749 768 2843 ipsius
788 2749 932 2822 ecclesie
946 2749 1163 2840 capellanos
1184 2747 1341 2820 habeant
1360 2673 1448 2822 son

145 2841 369 2914 obstantibus
394 2838 584 2935 premissis,
620 2861 663 2916 ac
696 2842 1019 2917 constitutionibus
1055 2862 1125 2913 nec
1155 2861 1227 2913 non
1254 2843 1448 2916 uoluntate

144 2933 262 3008 nostra
288 2933 472 3028 predicta,
497 2955 539 3008 ac
565 2937 733 3009 omnibus
758 2936 827 3010 illis
852 2957 924 3031 qne
943 2934 1103 3032 prelatus
1121 2935 1450 3008 innocentius

144 3024 370 3122 pretlecellor
393 3027 431 3101 in
455 3029 560 3101 dictis
586 3028 652 3101 suis
679 3032 807 3104 litteris
833 3031 968 3114 uoluit,
993 3050 1065 3102 non
1090 3029 1227 3100 obstare
1250 3027 1446 3116 contrariis

143 3121 421 3287 puibnscnnque
446 3121 524 3194 Aut
556 3125 578 3195 s1
604 3123 715 3216 aliqui
750 3126 853 3216 snper
884 3123 1144 3218 prouillonibus
1175 3122 1236 3193 sibi
1267 3117 1447 3194 iaciendis

171 3215 417 3288 ebuiusmodi
445 3216 498 3286 ue:
527 3215 605 3287 aliis
637 3218 818 3308 benelicijs
843 3217 1081 3290 eccleliallicis
1115 3217 1152 3286 in
1183 3213 1253 3286 illis
1278 3214 1446 3306 partibus

143 3307 313 3401 spetiales
341 3309 396 3381 uel
422 3310 612 3404 generales
637 3313 832 3404 apostolice
857 3312 947 3383 sotiis
972 3312 1030 3381 uel
1053 3311 1270 3405 legatorum
1285 3310 1361 3380 eius
1381 3310 1446 3383 lit-

143 3417 239 3474 teras
265 3401 511 3494 impetrarint,
538 3405 648 3477 etiam
676 3405 697 3475 li
724 3427 790 3498 pet
808 3423 868 3477 eas
893 3406 937 3476 ad
958 3403 1213 3475 inhibitionem
1231 3401 1446 3475 reseruatio-

144 3513 230 3568 nem
251 3511 288 3566 et
307 3499 493 3567 ‹lca-retum
518 3498 576 3569 uel
602 3499 688 3569 alias
708 3497 985 3592 quomodolibet
1004 3498 1043 3569 bt
1065 3494 1261 3588 procellam
1276 3497 1445 3591 quosqui-

144 3589 229 3662 dem
254 3585 394 3660 litteras
419 3609 460 3660 ac
496 3588 673 3678 panellos
700 3593 841 3663 habitos
873 3613 939 3684 per
967 3590 1109 3662 easdem
1145 3605 1182 3660 et
1211 3589 1295 3662 inde
1320 3589 1443 3665 secuta

144 3699 361 3776 quecunque
385 3683 429 3752 acl
455 3683 550 3754 dicta
576 3684 675 3756 unita
700 3683 875 3756 beneficia
907 3685 1073 3756 uolumus
1106 3703 1179 3755 non
1204 3683 1352 3756 extendi
1377 3684 1442 3761 sed

142 3775 280 3849 nullutn
307 3792 372 3878 pet
396 3773 463 3844 boc
487 3773 539 3844 eis
569 3778 688 3868 quoad
722 3773 977 3850 alsecntionem
1004 3777 1259 3850 beneficiorum
1285 3778 1443 3856 aliorum

144 3864 383 3963 prciutlicrum
410 3868 573 3960 generari
607 3885 644 3938 et
678 3860 895 3963 quibuslibet
920 3870 998 3959 alijs
1022 3871 1222 3962 priuilegip
1246 3874 1443 3968 indulgen-

144 3959 203 4048 tijs
229 3975 266 4030 et
291 3958 418 4030 litteris
443 3959 646 4052 apostolicis
672 3963 902 4058 generalibus
937 3967 992 4034 uel
1025 3965 1233 4059 specialibus
1266 3987 1441 4060 quorum.

147 4071 289 4148 cunque
314 4069 482 4128 tenorum
507 4054 659 4130 existant
678 4077 744 4152 pet
767 4077 840 4154 que
864 4055 1087 4153 prelentibus
1101 4079 1174 4134 uon
1194 4057 1359 4156 exprelsa
1379 4069 1439 4142 uel

1296 4172 1390 4231 tota·
