3226 4744
417 488 631 578 Ecclesiae
659 491 706 577 ad
735 486 789 580 D·
821 489 1040 600 Virginem.
1297 527 1380 613 709

51 717 220 808 Arsacij
249 715 476 792 eccleliurum
510 715 584 882 3⁰³·
606 717 796 811 postquam
830 714 1024 813 suppressio
1055 718 1255 796 huiusmodi
1290 719 1379 800 ell'et

51 814 204 888 sortitu
227 811 398 886 effectum
423 811 506 884 Duo
534 833 625 884 eenn
651 809 782 897 ellent‚
814 831 853 886 et
877 814 1081 888 canonicos
1105 814 1185 888 illos
1211 815 1378 891 obtiueu·

52 927 128 980 tes
161 927 244 980 cum
269 907 437 980 omnibus
461 922 500 977 et
525 904 669 1002 singulis
693 907 835 980 illorum
863 905 967 981 bonis
992 928 1035 982 uc
1064 909 1236 982 lructibus
1259 911 1379 986 reddi·

51 1002 175 1075 tibus
200 1016 239 1072 et
262 999 501 1096 proventibus
525 998 572 1072 erl
597 998 732 1072 dictam
758 1002 942 1074 ecclesiam
976 1003 1021 1076 lic
1044 1021 1201 1076 erectum
1227 1004 1377 1079 transtu·

51 1097 125 1181 lit,
141 1093 317 1189 quodque
332 1092 465 1166 fructus
490 1092 651 1166 redditus
676 1111 714 1166 et
737 1111 936 1183 prouentus
951 1093 1158 1170 huiusmodi
1173 1097 1267 1171 inter
1287 1101 1377 1172 duo·

54 1189 196 1261 decim
212 1187 419 1260 Canonicos
439 1187 542 1281 equis
566 1187 794 1280 portionibus
810 1188 1058 1262 diuiderentur
1071 1190 1272 1284 Prepolitus
1287 1212 1377 1265 uero

54 1303 104 1356 ct
119 1282 301 1355 llecanus
327 1303 394 1375 pro
419 1299 587 1373 ternpore
611 1280 806 1353 exilientes
829 1281 1011 1374 duplicem
1037 1283 1245 1378 portionem
1268 1284 1380 1360 bube-

55 1394 181 1460 rent‚
206 1374 329 1448 statuit
349 1391 388 1446 et
413 1373 618 1462 ordinauit,
652 1395 719 1448 uec
739 1395 811 1447 non
844 1377 899 1446 ius
928 1393 1141 1471 patronatus
1169 1393 1207 1452 et
1232 1377 1375 1472 presen-

55 1469 180 1544 tundi
205 1465 374 1565 personas
403 1471 570 1562 ydoneus
601 1468 648 1540 ad
681 1468 940 1561 Prepolrturem
968 1471 1194 1546 Dectnatum
1221 1471 1375 1547 canoni·

56 1582 177 1638 catus
201 1579 240 1635 et
264 1561 468 1654 prebendas
492 1560 635 1654 aliaque
657 1561 835 1636 beneficia
855 1564 1081 1640 ecclesiastica
1105 1564 1229 1639 omnia
1247 1581 1285 1640 et
1308 1566 1375 1640 lin·

51 1660 160 1752 gula
184 1656 222 1728 in
246 1655 343 1729 dictu
365 1672 486 1729 erecta
511 1655 658 1728 ecclelia
681 1654 830 1729 lundutu
854 1675 893 1729 et
917 1655 1120 1745 tondunt,
1145 1679 1187 1732 uc
1202 1657 1247 1733 nd
1263 1659 1375 1734 lurreti

56 1750 232 1824 Urlulrici
258 1765 296 1822 et
321 1749 430 1824 iuncti
456 1746 592 1838 Arlueij
619 1750 783 1822 eeclebus
810 1749 1009 1825 huiusmodi
1043 1774 1110 1848 pro
1135 1752 1256 1826 Prima
1280 1754 1371 1834 uice

56 1863 102 1918 et
133 1842 308 1938 quotiens
334 1845 394 1917 illa
428 1864 556 1916 uacare
589 1843 819 1941 contingeret
846 1845 1071 1920 ALBEllTO
1098 1845 1194 1919 Duci
1231 1864 1270 1922 et
1301 1845 1377 1921 sue·

58 1935 266 2012 celioribus
291 1936 440 2031 prelatis
464 1937 598 2010 eil'tiem
624 1954 726 2009 motu
751 1954 789 2008 et
818 1939 1037 2011 auctoritate
1062 1957 1243 2034 perpetuo
1267 1938 1377 2014 reler-

58 2033 175 2104 uauit
207 2047 246 2104 et
270 2029 438 2105 concellit
472 2033 517 2105 lit
548 2029 692 2123 insuper
716 2031 899 2124 Prepofito
934 2031 1083 2108 Deenno
1115 2053 1153 2106 et
1178 2034 1376 2108 canonicis

58 2123 225 2222 prelatis
251 2143 290 2198 ut
312 2126 347 2197 in
375 2123 499 2198 babitu
535 2124 771 2199 eccleliollicu
805 2140 881 2198 tam
911 2125 1047 2198 elliuuli
1084 2147 1194 2222 quum
1225 2127 1375 2201 hiemali

58 2218 302 2313 temporibus
329 2219 518 2314 Preposrtis
546 2217 700 2291 Decanis
730 2237 769 2289 et
791 2217 987 2292 Canonicis
1012 2221 1163 2294 alierum
1191 2221 1372 2318 Collegit·

57 2331 190 2387 terum
222 2313 446 2386 ecclesiarum
483 2313 624 2384 illarum
657 2313 816 2406 partium
849 2311 884 2383 l'e
907 2311 1134 2387 conformare
1167 2311 1308 2411 pollent
1333 2329 1374 2388 et

58 2409 247 2482 deberent
270 2407 433 2491 intollit,
464 2425 573 2501 prout
597 2406 634 2479 in
658 2406 793 2478 eil'dem
828 2404 956 2478 litteris
987 2408 1129 2501 plenius
1153 2407 1375 2482 continetub

59 2506 166 2575 Cum
179 2523 299 2576 autem
331 2502 416 2572 srurrt
440 2500 603 2572 exhibita
627 2498 732 2572 uobis
755 2520 872 2588 nuper
896 2522 963 2592 pro
976 2519 1086 2667 tpurte
1101 2501 1185 2575 dicti
1200 2502 1370 2576 ntuen-

60 2595 117 2668 'rt
147 2595 263 2666 Ducis
287 2596 419 2688 petitio
443 2593 657 2667 continebat
689 2595 797 2686 pauci
824 2593 924 2666 Crilli
950 2592 973 2666 li
1001 2595 1074 2667 eles
1107 2616 1180 2669 nou
1206 2595 1373 2688 simplici·

61 2705 147 2774 ter,
203 2707 284 2762 rout
310 2691 346 2760 in
373 2688 477 2760 dictis
501 2686 646 2759 Litteris
670 2683 875 2780 exprellum
903 2683 994 2772 suit,
1018 2687 1078 2761 sed
1103 2688 1267 2784 relpectu
1287 2689 1373 2762 alin-

60 2803 150 2858 rum
197 2783 449 2874 ollegintorum
467 2779 693 2854 ecclelittrum
717 2782 756 2854 in
781 2781 869 2853 locis
893 2781 1089 2878 insignibus
1108 2782 1375 2858 consistentium

61 2879 113 2951 ad
140 2878 258 2949 dictus
291 2875 398 2947 l'uncti
426 2875 579 2947 Udalrici
614 2892 652 2947 et
684 2875 794 2949 sancti
822 2873 957 2964 Arsacij
992 2877 1154 2952 ecclesius
1185 2873 1369 2950 confluere

64 2969 345 3045 consueuerint,
381 2987 419 3041 et
443 2970 530 3042 dicti
557 2968 729 3044 Canonici
762 2989 836 3043 non
868 2970 920 3042 ita
944 2967 1105 3044 absolute
1130 2970 1222 3045 circu
1248 2968 1372 3045 diuina

62 3063 191 3138 ollicia
216 3065 447 3158 negligentes
479 3064 566 3148 lunt,
599 3084 667 3136 uec
698 3062 923 3137 inhonestum
956 3082 994 3135 et
1027 3061 1231 3138 dillolutnm
1256 3063 1371 3138 uitam

64 3163 208 3232 ducunt
229 3156 289 3230 leel
314 3178 388 3229 nou
412 3157 464 3229 itn
489 3157 683 3252 diligentes
708 3157 775 3229 siut
798 3158 883 3230 licut
908 3158 1059 3230 deberet
1084 3176 1121 3232 et
1137 3157 1251 3231 uitam
1267 3156 1369 3230 cleri-

62 3255 135 3327 cali
170 3252 276 3325 liutui
309 3252 360 3322 itn
394 3250 675 3324 conuenientem
707 3251 795 3323 srcut
830 3253 1003 3336 deceret,
1036 3273 1110 3325 nou
1141 3253 1297 3334 ducunt,
1331 3267 1371 3324 et

94 3365 270 3442 ropterea
294 3345 409 3417 uirtus
426 3342 672 3417 ALBERTUS
686 3342 773 3422 Dux
798 3345 941 3417 dubitet
965 3344 1105 3418 litteras
1123 3345 1306 3438 predictus
1322 3347 1371 3418 de

62 3369 302 3534 Kurreptionis
316 3437 407 3510 uitio
431 3435 549 3508 notari
575 3431 675 3530 polle
698 3435 848 3532 ipseque
862 3439 949 3510 Dux
973 3440 1100 3533 cupiat
1122 3458 1196 3511 non
1220 3437 1258 3510 in
1273 3439 1372 3512 dictu

65 3535 219 3609 ecclelia
247 3532 356 3607 lancti
373 3529 527 3604 Udulrici
552 3529 611 3603 led
635 3530 672 3602 in
697 3533 844 3604 ecclelia
869 3531 979 3605 lancti
997 3533 1089 3605 sixti
1104 3531 1142 3604 in
1160 3529 1370 3606 scfltmtt·

67 3631 157 3703 sliE
181 3627 294 3704 dicte,
320 3623 533 3721 frisingensis
557 3624 707 3698 diocesis
731 3626 992 3716 Preposrturnm
1017 3644 1055 3697 et
1080 3625 1308 3698 Deeeuutum
1331 3639 1369 3698 ct

67 3743 143 3796 non
169 3725 260 3795 Tres
286 3717 343 3793 led
369 3722 460 3792 duos
483 3735 627 3791 tuntum
651 3721 892 3792 canonicatus
922 3736 961 3791 et
983 3717 1141 3792 totidem
1166 3716 1368 3814 prebendas

68 3814 241 3912 extingui
266 3833 307 3887 nu
331 3835 459 3886 omnes
483 3832 560 3884 tem
584 3811 693 3886 suncti
719 3813 809 3884 sixti
833 3831 942 3906 quam
963 3809 1074 3886 suncti
1092 3810 1230 3900 Arsacij
1255 3809 1369 3884 eecle-

70 3909 198 3984 bart-n
224 3907 467 4001 predictarum
490 3907 737 3980 Canonicatus
768 3923 807 3978 et
870 3905 1065 3987 emendus,
1099 3926 1140 3979 uc
1164 3908 1369 3980 canonicos

70 4022 114 4076 ec
138 4004 286 4079 ulterius
311 4003 452 4075 illarum
479 4001 743 4094 Preposrturam
768 4016 807 4071 et
859 4018 1049 4074 ecnnntum
1072 3999 1182 4096 usque
1205 3999 1251 4072 ad
1276 4013 1369 4070 tem·

73 4119 141 4190 pus
168 4095 369 4170 uacationis
394 4097 593 4168 eorundem
617 4113 659 4167 ae
684 4093 776 4167 illius
790 4093 1011 4190 Prepolitum
1036 4110 1075 4168 et
1097 4096 1275 4171 decanum
1298 4091 1368 4165 illi·

76 4211 119 4264 co
142 4191 335 4292 postquam
360 4190 482 4286 quoad
507 4189 619 4267 Unius
645 4189 856 4268 earumdem
884 4189 1112 4268 ecclefiarnm
1144 4183 1368 4283 Prepofitute

1283 4294 1323 4354 et
