3264 4812
414 428 631 518 Ecclesiae
659 428 706 514 ad
735 423 791 516 D.
821 421 1041 534 Virginem.
1304 427 1385 534 687

87 655 189 732 modi
215 653 330 730 forsan
354 647 464 726 fuerit
487 649 547 725 feu
570 645 706 726 fuerint
729 646 934 724 iuramento
949 644 1226 724 confirmatione
1239 659 1388 740 appsto-

86 754 158 826 sica
180 753 238 824 uel
263 749 392 844 quauis
417 745 589 820 firmitate
613 744 685 821 alia
708 744 887 820 roboratis
903 743 1042 818 statutis
1067 760 1105 817 et
1121 739 1389 817 consuetudini·

86 847 155 921 bus
172 842 361 917 contrariis
386 841 700 936 quibuscumque:
725 839 805 915 Aut
828 838 852 911 si
876 838 986 934 aliqui
1003 838 1106 932 fuper
1120 833 1386 942 prouifronibus

86 940 148 1014 fibi
172 934 348 1012 faciendis
380 938 427 1008 de
451 934 657 1008 huiusmodi
682 935 740 1007 uel
765 932 844 1007 aliis
876 931 1061 1006 beneficiis
1086 929 1324 1006 ecclesiasticis
1349 947 1389 1002 nr

88 1033 156 1107 illis
181 1029 344 1125 partibus
368 1027 538 1124 speciales
563 1028 622 1102 uel
645 1028 837 1124 generales
862 1027 959 1101 dicte
983 1025 1075 1100 sedis
1100 1026 1159 1098 uel
1181 1027 1388 1121 legatorum

86 1127 165 1199 eius
189 1125 329 1199 litteras
353 1122 606 1218 impetrarint,
630 1121 743 1196 etiam
768 1119 791 1193 b
816 1142 883 1215 per
907 1141 969 1194 eas
994 1123 1039 1194 ad
1054 1119 1309 1193 inhibitionem
1333 1137 1392 1188 re·

87 1218 329 1294 servationem
355 1233 394 1290 et
407 1219 594 1291 decretum
619 1216 677 1289 uel
693 1213 780 1289 alias
795 1217 983 1308 quomodo
1005 1215 1094 1287 libet
1110 1215 1150 1286 sn
1167 1208 1389 1378 processum.

87 1313 219 1412 quibus
233 1311 419 1394 omnibus,
444 1327 678 1406 preterquam
697 1309 918 1383 auctoritate
938 1309 1055 1382 nostra
1069 1308 1163 1382 bene
1192 1306 1247 1378 cia
1267 1303 1390 1378 buius·

87 1407 189 1482 modi
204 1406 508 1498 expectantibus,
531 1419 571 1476 tc
588 1403 638 1478 'in
661 1399 829 1475 beneficii
850 1402 911 1475 scu
927 1401 1186 1475 beneficiorum
1205 1398 1391 1472 huiusmo-

88 1501 125 1576 di
141 1498 366 1573 assecutione
379 1499 546 1572 uolumus
561 1493 756 1580 anteferri,
781 1493 842 1570 sed
868 1497 1005 1570 nullum
1022 1515 1086 1590 per
1110 1496 1180 1567 lroc
1199 1492 1251 1564 eis
1268 1491 1390 1588 quoad

87 1589 352 1669 assecutionem
378 1590 640 1664 beneficiorum
664 1591 817 1663 aliorum
841 1588 1080 1686 prejudicium
1106 1585 1271 1682 generari
1322 1591 1396 1660 Seu

88 1683 916 1783 EpiscopisDecanisArchidiaconis,sa'ttislis
942 1678 1394 1779 Prepositisl'lrefaurariia

93 1780 308 1854 camoribus
333 1779 532 1851 Scolaslicis
557 1778 733 1872 Capitulis
760 1779 955 1852 canonicis
979 1795 1017 1849 et
1043 1775 1203 1870 pets‘onis
1222 1773 1396 1870 prefatis,

91 1874 149 1947 uel
175 1871 362 1966 quibusuis
387 1871 467 1946 aliis
492 1872 737 1944 communiter
761 1872 821 1944 vel
846 1871 986 1944 divisim
1011 1871 1057 1944 ab
1083 1871 1213 1946 cadem
1246 1869 1287 1943 stt
1310 1867 1395 1942 sede

90 1966 294 2055 indultum,
329 1969 427 2063 quod
454 1967 502 2041 ud
525 1965 777 2058 receptionem
803 1965 861 2037 uel
886 1963 1132 2059 provisionem
1155 1963 1305 2040 alicuius
1329 1963 1397 2035 mi·

91 2062 192 2134 uiuae
217 2077 431 2143 teneantur,
467 2075 505 2130 et
529 2061 576 2131 ad
599 2059 639 2129 id
667 2057 842 2146 compelli
873 2078 948 2131 uun
972 2055 1124 2154 pollint,
1154 2055 1326 2166 quodque
1349 2057 1399 2130 de

92 2151 292 2226 huiusmodi
307 2155 364 2224 nel
388 2149 469 2224 aliis
484 2147 670 2224 beneficiis
686 2151 928 2225 ecclesiasticis
952 2155 998 2226 ad
1015 2173 1141 2226 eorum
1160 2151 1398 2226 collatronem

91 2245 337 2337 provisionem
361 2243 668 2341 presentationem
694 2243 914 2319 electionem
939 2243 1000 2319 seu
1024 2247 1191 2342 quamuis
1216 2246 1324 2321 aliam
1345 2245 1399 2319 di·

92 2336 330 2434 spositionem
356 2339 577 2414 coniunctim
602 2341 662 2413 uel
687 2336 879 2433 separatim
904 2338 1149 2434 spectantibus
1171 2341 1258 2415 nulli
1275 2342 1398 2415 ualeat

93 2431 275 2528 prouideri
299 2453 366 2528 per
390 2435 528 2506 litteras
552 2433 773 2528 apostolicas
798 2454 873 2507 non
897 2433 1072 2508 facientes
1096 2439 1245 2531 plenam
1270 2449 1309 2508 et
1333 2453 1399 2506 ex·

94 2524 255 2618 pressam
279 2545 323 2600 ac
346 2525 392 2600 de
416 2527 530 2599 uerbo
555 2527 600 2602 ad
632 2527 786 2601 verbnm
810 2528 858 2601 de
889 2527 1032 2601 indulto
1061 2528 1266 2604 huiusmodi
1296 2548 1400 2602 men·

93 2619 234 2690 tionem
266 2636 304 2692 et
330 2621 493 2715 qualibet
522 2621 593 2694 asia
626 2621 725 2694 dicte
760 2620 851 2694 sedis
881 2621 1110 2715 indulgentia
1141 2621 1306 2720 getrerali
1340 2619 1401 2694 uel

93 2709 244 2806 speciali
260 2713 520 2808 cuiuscumque
544 2714 682 2790 tenoris
701 2714 851 2801 existat,
878 2736 1068 2810 perquam
1086 2715 1311 2813 presentibus
1327 2734 1402 2789 nou

94 2803 304 2897 expressam
331 2809 389 2881 uel
413 2807 576 2882 totaliter
599 2829 674 2884 non
698 2806 867 2882 insertam
890 2804 1040 2884 effectus
1055 2809 1257 2884 huiusmodi
1282 2808 1402 2906 gratie

92 2897 267 2995 impediri
293 2903 413 2976 ualeat
438 2903 717 2997 quomodolibet
742 2904 801 2976 uel
826 2899 981 2988 diflerri,
1006 2906 1109 2978 etde
1133 2924 1206 3012 qua
1230 2901 1402 2997 cuiusque

94 3008 179 3067 tuto
212 3009 341 3068 tenore
376 2996 543 3071 habenda
575 2997 616 3070 fit
644 2999 683 3072 in
717 2996 843 3071 noslris
875 2998 1005 3072 litteris
1037 3014 1179 3073 mentio
1212 2995 1400 3094 specialis:

93 3089 178 3164 Aut
202 3087 227 3160 si
250 3085 394 3185 presens
418 3109 493 3161 uon
517 3091 627 3164 suerit
652 3093 698 3164 ad
724 3091 955 3185 prestandum
981 3095 1027 3166 de
1043 3092 1275 3166 obseruandis
1296 3091 1403 3163 statu-

95 3181 145 3254 tit
171 3197 210 3252 et
230 3183 548 3258 consuctudinibus
564 3184 713 3257 ecclesie
738 3185 794 3257 uel
821 3185 1070 3270 ecclesiarum,
1096 3186 1134 3259 in
1149 3207 1220 3282 qua
1247 3183 1305 3259 seu
1324 3183 1404 3280 qui·

95 3275 165 3349 bus
200 3273 416 3350 beneficium
447 3276 507 3348 seu
539 3277 715 3351 beneficia
740 3277 943 3352 huiusmodi
961 3277 1071 3353 fuerit
1102 3277 1163 3354 seu
1197 3277 1332 3354 suerint
1362 3297 1403 3352 ut

96 3362 279 3467 prefertur
302 3370 530 3444 solitum'uel
555 3369 658 3445 solita
681 3371 925 3445 iuramentum
951 3372 1009 3446 seu
1025 3375 1252 3456 iuramenta,
1277 3377 1406 3448 dumo·

96 3467 149 3536 do
173 3461 210 3535 iu
236 3462 398 3538 absentia
429 3479 491 3538 tua
520 3486 588 3560 per
624 3485 897 3560 procuratorem
932 3467 1137 3552 idoneum,
1168 3483 1207 3540 et
1240 3487 1321 3540 cum
1357 3467 1405 3542 ad

95 3555 286 3632 ecclesiam
313 3559 373 3629 s'cn
398 3560 562 3632 ecclesias
587 3558 794 3634 huiusmodi
818 3560 1032 3651 accesseris,
1057 3561 1294 3655 corporaliter
1318 3561 1407 3634 illud

97 3651 161 3724 uel
189 3649 251 3726 illa
274 3652 419 3746 presses.
488 3659 558 3724 Seu
584 3653 607 3723 fi
633 3651 744 3727 bodie
769 3675 837 3749 pro
862 3656 933 3728 alio
959 3656 1016 3728 nel
1041 3655 1120 3728 aliis
1152 3653 1257 3750 super
1283 3657 1406 3748 equali

100 3742 163 3820 uel
187 3747 376 3836 equalibus
401 3745 519 3839 gratia
550 3743 609 3818 s'eu
634 3748 760 3842 gratiss
785 3751 832 3822 de
858 3748 960 3822 finili
992 3750 1050 3822 uel
1077 3747 1247 3822 similibus
1273 3749 1408 3822 benesi-

100 3841 161 3912 cio
185 3837 243 3914 seu
268 3838 453 3912 beneficiis
478 3841 524 3913 ad
549 3839 782 3914 collationem
808 3844 1074 3950 prouisrunem,
1099 3839 1410 3936 presentationem

100 3933 323 4006 electionem
350 3932 408 4004 s'cu
431 3937 600 4040 qttauruis
625 3935 732 4007 aliam
758 3937 1035 4032 dispositionem
1062 3933 1409 4045 Epis'coporumDe·

103 4045 299 4133 canorum,
328 4026 679 4106 Archadiaconorunt
703 4031 932 4106 Sacristurum
957 4031 1228 4126 l’reposrtorum
1252 4027 1411 4103 Thesau-

26 4163 31 4176 ·
104 4140 282 4196 ranorum
307 4125 505 4198 cautorum
529 4123 807 4206 scolasticorum
834 4125 1106 4225 capitulorum,
1138 4123 1410 4202 canonicorum

1325 4233 1365 4295 et
