3242 4760
195 368 247 474 56
387 385 392 392 “
531 357 785 445 Continuatio
814 357 1169 458 Monumentutum

194 585 300 661 :etism
331 581 574 667 reuerentiam
610 579 772 657 debitam
805 605 848 659 ac
879 585 1138 666 subiectionem
1165 593 1378 675 lamiliarem
1403 629 1489 682 cum

190 701 286 780 millu
320 723 403 776 mee
436 721 676 796 meorumque
709 701 975 782 antecessorum
1001 711 1222 790 fundationis
1255 719 1359 815 super
1382 726 1488 801 altari

186 825 298 900 sancti
333 821 691 898 BARTHOLOMEI
726 824 879 916 apostoli
912 831 954 901 ad
988 830 1131 907 beatam
1168 838 1348 930 virginem
1384 846 1487 940 epidi

183 940 370 1042 prenotati
392 936 552 1014 inchoari
578 938 677 1034 cepit
700 940 747 1015 Et
772 941 829 1046 ius
853 944 1081 1038 presentandi
1108 951 1272 1030 eiusdem
1298 962 1421 1036 altaris
1452 979 1492 1040 et

183 1057 284 1140 misse
325 1058 467 1133 ratione
504 1055 816 1153 Jurispatronatus
854 1067 903 1140 ad
942 1084 1003 1141 me
1043 1073 1226 1165 pertinere
1259 1077 1492 1176 dignoscatur

182 1181 299 1281 ipsam
323 1167 463 1252 missam
488 1177 627 1251 contuli
652 1201 741 1275 pure
757 1202 911 1276 propter
926 1188 1054 1261 deum.
1081 1190 1326 1272 discretoviro
1341 1203 1492 1278 domino

184 1294 424 1381 HAlNRiCO
450 1293 549 1369 dicto
566 1295 889 1376 PRUNPICHLER
914 1318 1103 1400 tamquam
1128 1316 1285 1390 alterisle
1308 1339 1490 1415 perpetuo

184 1419 339 1498 vestram
381 1415 428 1490 ad
471 1417 715 1492 reuerentiam
752 1421 997 1515 presentative
1036 1433 1237 1504 recurando
1283 1434 1489 1533 supplicam

184 1537 389 1613 humiliter.
420 1552 600 1632 quatenus
624 1536 741 1632 ipsum
766 1557 919 1633 propter
942 1545 1050 1615 deum
1076 1565 1313 1647 mearumque
1338 1579 1491 1650 precum

183 1663 433 1738 interuentum
459 1658 505 1728 de
523 1657 623 1728 <lutto
647 1654 768 1728 altaris
794 1672 831 1728 et
856 1656 993 1732 iuribus
1019 1659 1266 1754 spiritualibus
1292 1681 1489 1770 providere

183 1775 391 1876 dignemini
428 1773 640 1846 lnuestitura
676 1792 719 1846 ac
753 1774 1069 1871 solempnitatibus
1107 1785 1154 1854 ad
1188 1787 1260 1862 hoc
1293 1795 1424 1870 debitis
1451 1818 1489 1874 et

183 1897 362 1976 consuetis
387 1887 618 1966 affectuosam
653 1891 762 1966 miclti
787 1894 824 1969 in
848 1896 916 1971 hoc
937 1900 1051 1974 vestre
1077 1907 1307 1995 paternitatis
1330 1917 1487 2010 gratiam

181 2015 404 2116 largientes,
428 2009 556 2084 horum
592 2011 629 2084 in
670 2015 915 2092 testimonium
949 2018 1091 2092 literam
1130 2026 1334 2118 presentem
1369 2033 1520 2129 1181110,

183 2159 270 2212 meo
300 2131 453 2229 proprio
486 2130 555 2203 feci
591 2127 722 2204 solitari
759 2137 885 2210 datum
919 2155 1016 2211 anno
1048 2137 1186 2217 domini
1213 2149 1403 2223 Millesimo
1427 2157 1490 2228 tri-

182 2251 393 2330 centellirno
431 2247 666 2349 nonagesimo
697 2251 817 2350 primo
850 2255 888 2334 in
921 2255 1080 2333 Crastino
1116 2259 1236 2338 sancte
1270 2267 1384 2360 prisce
1417 2270 1487 2348 vir·

183 2393 292 2470 gruis.

185 2625 324 2711 Nutu.
363 2621 517 2710 CVll.
592 2621 829 2710 Fundatio
866 2630 1005 2713 trium
1042 2628 1285 2718 Miss'arum
1323 2661 1486 2753 perpe-

243 2782 426 2848 tuarum
456 2757 626 2844 factas
659 2761 805 2847 tribus
835 2759 1077 2853 Fratribus
1107 2769 1320 2856 Ducibus
1346 2767 1435 2859 Ba-

575 2900 747 2983 variae.
802 2902 944 2984 Anno
979 2931 1095 3013 1391.

309 3099 340 3173 ir
377 3097 592 3172 STEPHEN
631 3099 705 3172 wir
743 3101 1000 3178 FllllJRElCH
1035 3109 1108 3182 und
1144 3112 1218 3185 wir
1253 3111 1484 3208 ,IOHANNS

187 3105 306 3299 W
333 3219 534 3316 gebrtldem
570 3218 616 3290 all
639 3219 732 3316 drey
758 3243 830 3296 von
855 3241 962 3316 gotes
987 3229 1154 3319 genaden
1181 3232 1486 3335 Psallentzgrasen

185 3345 257 3434 bey
291 3335 382 3410 Rein
421 3337 493 3406 und
527 3335 720 3435 Herzogen
754 3339 789 3412 in
815 3343 952 3436 [layern
978 3359 1038 3418 etc
1084 3347 1301 3430 Bechennen
1326 3361 1397 3433 und
1422 3379 1488 3440 tun

121 3459 123 3466 ’
186 3462 300 3535 chima
333 3449 548 3529 ossenlichen
582 3477 628 3530 an
663 3460 748 3532 dem
780 3458 872 3534 briei
908 3459 967 3536 silr
996 3487 1062 3538 uns
1096 3473 1168 3543 und
1201 3468 1260 3547 slir
1290 3477 1335 3549 all
1367 3479 1485 3559 unlser

188 3577 299 3654 erben
338 3573 410 3646 und
428 3609 430 3614 ¹
445 3573 681 3680 Nachkpmen
718 3579 812 3654 Umb
846 3581 906 3655 die
940 3585 1033 3678 drey
1056 3589 1163 3686 cwig
1186 3593 1341 3685 riigleich
1366 3603 1483 3692 Meis,

188 3697 249 3774 die
274 3688 385 3766 Unser
410 3692 540 3768 liebew
555 3697 714 3771 Swester
737 3698 809 3774 und
822 3702 1245 3782 GemahelKATHREY
1269 3713 1379 3813 stig,
1406 3723 1482 3822 bey

186 3821 276 3892 irem
302 3809 547 3906 lebenttigem
582 3819 782 3913 geordnet,
821 3823 894 3896 und
927 3820 1196 3915 gerebantur,
1228 3833 1331 3908 ainw
1354 3839 1393 3912 in
1418 3845 1482 3919 der

187 3935 295 4028 llarig
329 3953 374 4003 zu
400 3937 613 4015 ΜῑὶΝεΗΕΝ,
638 3919 684 4011 'in
710 3937 795 4014 land
822 3941 935 4016 utaris
962 3943 1153 4042 Magdalen
1176 3945 1371 4045 Kappelle,
1407 3963 1482 4035 und

186 4057 262 4136 die
280 4053 391 4127 ander
424 4073 472 4129 zu
503 4051 615 4132 Uuser
645 4055 782 4142 sraweu
813 4057 1072 4146 Psarrltiriclren
1103 4065 1262 4162 daselbs,
1301 4072 1368 4147 aus
1395 4079 1479 4155 dem

1345 4193 1434 4288 kor,
