3264 4812
445 363 660 458 Ecclesiae
687 365 735 454 ad
762 365 818 456 D.
847 365 1070 479 Virginem.
1340 379 1419 463 aar

112 617 203 676 neas
228 593 275 670 ad
300 589 409 669 beate
425 593 542 670 Marie
565 592 755 692 Virginis,
779 606 817 667 et
842 591 953 668 sancti
980 595 1075 670 Petri
1093 591 1206 691 Opidi
1222 597 1418 678 Monacen-

110 697 156 768 srs
182 688 406 786 Frifingensrs
431 690 615 780 diocesis,
649 685 894 784 parrochiales
919 691 1111 779 ecclefias,
1147 693 1231 766 dum
1251 695 1328 767 illas
1352 717 1419 769 ex·

110 788 385 862 tuncdecetero
409 788 598 880 perpetuis
623 780 750 857 suturis
775 784 1002 879 temporibus
1029 806 1157 859 uacare
1169 789 1417 884 contingeret,

110 883 197 958 data
218 893 417 976 propterea
443 879 542 954 dicto
561 876 740 974 Episcopo
763 879 811 952 ad
834 879 934 951 cuius
949 879 1200 953 omnimodam
1217 880 1271 956 dil
1297 883 1416 958 olitio-

109 997 196 1050 nem
220 971 479 1071 pertinebant,
511 991 612 1048 certa
644 971 880 1081 recompensa
911 994 978 1068 per
1001 973 1089 1048 alias
1114 976 1250 1050 uolitat
1270 904 1417 1052 litteras

108 1063 269 1166 gratiose
292 1065 526 1142 concessamus
561 1083 673 1165 prout
698 1067 736 1141 in
771 1067 842 1140 allis
871 1068 1014 1166 plenius
1047 1069 1265 1146 continetur.
1323 1074 1418 1147 Cum

106 1183 233 1242 autem
258 1163 344 1237 licut
377 1162 543 1236 exhibita
575 1161 679 1236 nobis
704 1181 822 1257 nuper
850 1183 918 1270 pro
951 1179 1057 1258 parte
1092 1163 1181 1239 dicti
1206 1163 1416 1240 ALBERTI

105 1261 222 1334 Ducis
247 1254 381 1356 petitio
405 1254 646 1344 continebat,
676 1253 752 1350 ipse
777 1254 920 1330 dubrtet
945 1277 992 1328 ne
1017 1259 1209 1356 contingat
1232 1259 1417 1336 interdum

107 1351 303 1450 sactaper
334 1371 441 1438 euru,
475 1369 539 1425 aut
573 1371 642 1446 pro
677 1368 846 1443 tempore
879 1350 1056 1426 exiliente
1089 1353 1230 1426 Ducem
1264 1353 1417 1430 Bouarie

107 1447 292 1543 Episcopo
304 1440 449 1542 prefato
464 1443 736 1542 presentatioue
751 1442 984 1542 personarum
999 1447 1223 1543 ydonearum
1240 1449 1285 1521 ad
1302 1447 1416 1524 dictas

109 1543 300 1628 ecclesias,
336 1537 519 1635 prelatum
550 1538 788 1628 modernum,
824 1557 863 1615 et
895 1562 963 1637 pro
995 1557 1165 1639 tempore
1199 1543 1418 1619 existentem

108 1634 334 1732 Episcopum
358 1633 603 1737 frisingensem
628 1639 835 1736 denegare,
866 1636 926 1711 uel
951 1632 1116 1722 differre,
1145 1638 1343 1712 eorundem
1368 1637 1418 1712 lic

107 1731 397 1826 presentatarum
442 1731 670 1808 institutione
710 1732 963 1832 expediteque
997 1731 1204 1807 huiusmodi
1241 1748 1418 1805 euentum

106 1825 330 1922 presentatus
365 1822 537 1921 personas
569 1829 752 1924 predictas
784 1830 832 1904 ad
857 1827 940 1902 ioci
967 1825 1316 1996 Metrofiolitauum.
1351 1841 1417 1900 aut

106 1920 233 1996 sedem
256 1919 492 2016 apostolicam
516 1943 699 2000 recurrere
729 1944 798 2022 pro
823 1923 1022 1998 obtinenda
1048 1922 1085 1998 in
1115 1919 1271 1997 itutione
1295 1919 1418 1993 huius-
1448 1971 1449 1976 a

105 2013 232 2100 modi,
255 2014 294 2088 in
318 2037 393 2090 non
417 2017 605 2094 modicum
631 2017 863 2116 personarum
885 2022 1098 2094 earumdem
1122 2035 1320 2114 grauamcn
1347 2035 1416 2110 pro

106 2129 216 2206 parte
240 2108 329 2182 dicti
356 2111 562 2188 Acutum
587 2113 702 2188 Ducis
728 2114 834 2190 nobis
863 2111 932 2188 suit
963 2111 1148 2186 humiliter
1174 2108 1418 2206 supplicatum

108 2219 151 2276 ut
173 2203 274 2300 quod
297 2201 337 2276 in
362 2203 571 2280 huiusmodi
597 2209 796 2301 negatione
822 2211 880 2282 uel
905 2207 1089 2282 dilationis
1105 2203 1418 2299 cruentumqueli·

109 2296 175 2370 bet
196 2293 350 2390 persona
374 2298 413 2371 iu
438 2300 619 2392 dignitate
643 2302 874 2377 ecclesiastica
900 2303 1113 2388 constituta,
1138 2317 1201 2374 aut
1225 2299 1264 2373 in
1281 2300 1416 2372 bletro·

107 2389 265 2488 politani
290 2393 347 2466 uel
371 2393 441 2467 alia
456 2395 666 2469 cathedrali
691 2396 837 2471 ecclelia
855 2396 1120 2472 canonicatum
1135 2411 1173 2468 et
1186 2393 1416 2503 prebendam

106 2485 304 2572 obtinens,
328 2485 479 2580 desuper
504 2511 573 2584 pro
597 2509 704 2585 parte
728 2498 879 2588 persone
903 2489 1112 2590 presentare
1137 2488 1345 2580 hurusmodi
1361 2505 1417 2560 re-

105 2579 256 2748 quisita,
280 2580 436 2688 eandem
463 2585 649 2676 personam
679 2587 863 2680 ydoneam
887 2584 1131 2681 presentatum
1157 2583 1194 2657 in
1219 2583 1414 2656 Rectorem

104 2678 201 2749 rbus
226 2694 275 2746 erc
299 2673 455 2747 ecclelirs
481 2679 656 2774 predictis
680 2682 728 2755 ad
780 2699 863 2755 uam
914 2679 1092 2754 resentata
1116 2675 1231 2763 soret,
1254 2675 1415 2750 institue·

107 2788 149 2840 re
171 2762 277 2874 pollit
301 2771 526 2874 concedere,
555 2774 719 2872 aliasque
751 2702 857 2870 super
886 2699 959 2868 lys
984 2789 1166 2868 oportune
1196 2771 1416 2868 prouidere,

107 2861 158 2936 de
182 2861 412 2968 benignitate
435 2867 630 2957 apostolica
655 2873 911 2966 dignaremur:
935 2865 1011 2941 Nos
1026 2865 1161 2963 igitur,
1185 2864 1418 2960 quihoneliic

107 2955 356 3051 quorumlibet
389 2957 591 3052 supplicum
622 2965 718 3036 uotis
747 2964 904 3036 libenter
929 2961 1143 3046 annuimus,
1175 2978 1213 3032 et
1246 2955 1418 3055 personas

107 3046 292 3144 quaslibet
306 3048 495 3143 presertim
521 3056 773 3132 eccleuauicas
786 3058 831 3132 ab
851 3054 1040 3130 inutilibus
1065 3053 1276 3141 laboribus,
1299 3069 1336 3125 et
1348 3052 1417 3126 im·
1539 3115 1541 3125 ,

107 3141 248 3236 pensis,
276 3160 455 3236 quantum
480 3147 585 3220 nobis
610 3147 663 3221 sas
685 3148 758 3225 eisc
782 3175 826 3226 co
856 3149 1035 3222 noscimus
1056 3149 1218 3223 releuare
1237 3166 1418 3234 curamus,

108 3230 283 3344 cariffimi
306 3235 460 3311 incristo
482 3239 561 3312 Filii
585 3242 699 3316 nostri.
717 3170 956 3320 rutulum!
983 3243 1228 3317 Romanorum
1255 3243 1414 3336 impera·

107 3345 198 3402 torra
223 3329 365 3425 semper
389 3333 627 3421 AUGUSTI,
651 3338 758 3410 nobis
782 3339 888 3432 super
912 3337 983 3410 hoc
1006 3337 1192 3409 humiliter
1215 3334 1418 3435 supplicam·

108 3422 182 3507 tis,
205 3439 243 3495 et
264 3426 471 3498 hurusmodi
499 3429 807 3505 dictiAthlillTi
833 3430 946 3504 Ducis
971 3422 1291 3537 supplicationibus
1315 3420 1416 3496 mcli-

106 3517 210 3603 nuti,
235 3519 425 3606 uolumus,
451 3535 489 3592 et
504 3521 699 3616 apostolica
712 3524 931 3598 auctoritate
947 3524 1150 3602 statuamus,
1170 3515 1308 3610 quodfi
1330 3535 1416 3590 ⁰⁰¹¹·

108 3611 232 3708 tingat
260 3613 430 3684 decetero
468 3617 684 3703 orrandocuo
716 3640 760 3690 ue
795 3609 982 3706 perpetuis
1022 3607 1150 3681 suturis
1187 3610 1414 3702 temporibus

109 3703 208 3778 lacta
231 3725 299 3798 per
324 3701 504 3797 prelatum
532 3639 817 3790 ALllERl'UM,
848 3723 887 3776 et
911 3723 980 3797 pro
1005 3721 1175 3798 tempore
1200 3705 1417 3778 existentem

107 3798 253 3873 Ducem
278 3797 428 3870 Bauarie
460 3800 757 3891 presentatione,
789 3801 837 3874 ad
861 3797 1020 3895 prelatas
1049 3797 1236 3884 ecclesias,
1268 3815 1331 3871 aut
1354 3797 1420 3870 ali·

137 3913 220 3966 uam
248 3909 391 3974 earum,
412 3891 498 3962 dum
513 3913 577 3984 pro
591 3915 769 3991 tempore
790 3893 994 3981 natabunt,
1017 3895 1063 3965 dc
1087 3888 1239 3986 persona
1257 3892 1419 3985 ydoneo,

109 3911 295 4080 spise-opo
322 3983 522 4077 Frisrngcusi
546 3993 599 4074 uel
622 3993 717 4076 eius
744 3993 901 4082 Vicario
924 3989 961 4063 in
985 3985 1223 4082 spiritualibus
1248 3983 1423 4080 generali,

114 4077 173 4152 seu
199 4074 354 4152 Officiuli
380 4074 554 4170 personas,
575 4099 644 4188 spu
677 4103 917 4194 personam,
937 4085 979 4158 sne
1003 4079 1240 4178 presentans,
1266 4081 1322 4153 seu
1344 4099 1427 4174 pte.

11 4257 14 4262 ,
115 4171 292 4250 lentatum
315 4189 389 4246 uon
411 4167 542 4263 institui,
560 4194 680 4308 mssa
713 4231 810 4315 octo
851 4191 930 4276 ὄιες
952 4179 1028 4282 post
1050 4174 1350 4282 presentationem
1365 4171 1429 4257 hu,

402 4319 406 4326 ,
1315 4289 1388 4343 rus·
