3222 4764
451 466 665 556 Ecclesiae
693 467 740 554 ad
768 461 825 552 D.
851 463 1074 576 Virginem.
1320 504 1401 594 723

89 695 210 770 nostri
233 696 270 770 iu
294 691 478 767 coelestum
510 689 616 764 beate
638 689 753 764 marie
776 690 928 787 uirginis
953 689 1205 770 monacensem
1224 693 1401 773 iliuiltiffi·

91 811 164 862 mo
190 789 345 882 principi
371 787 523 860 douriuo
545 785 769 859 ALBERTO
795 787 868 858 alte
891 803 930 858 et
957 781 1210 863 buieuauurie
1229 791 1311 864 duci
1327 810 1398 868 etc.

92 903 170 978 per
192 882 312 955 i'eriern
326 880 557 975 apostolicam
573 875 741 952 conceliis
758 906 765 950 :
793 879 1006 974 illarumque
1018 883 1065 954 de
1081 879 1185 977 supet
1200 881 1399 960 fulminatis

90 973 316 1068 processibus
341 975 386 1047 ad
410 973 677 1068 requisitionem
703 972 861 1046 eiusdem
885 970 1096 1046 iiiuilriilimi
1117 976 1293 1073 principis
1308 979 1400 1052 iam-

89 1069 236 1142 dudum
262 1069 454 1142 annuimus
487 1064 724 1140 consensimus
757 1084 795 1139 et
819 1067 1003 1162 paruimus
1035 1067 1139 1141 Nunc
1170 1079 1316 1166 quoque
1347 1093 1396 1147 ert

86 1159 204 1255 super
227 1161 449 1237 habundanti
481 1159 611 1232 iterum
647 1165 693 1232 de
727 1181 826 1232 nouo
858 1161 1049 1236 annuimus
1081 1161 1324 1239 consentimus
1357 1186 1396 1241 et

87 1273 267 1346 paremus
291 1255 468 1328 Nolentes
496 1253 734 1347 quantumin
759 1255 862 1325 nobis
886 1255 934 1325 eil
961 1254 1090 1328 litteris
1115 1272 1154 1328 et
1179 1255 1395 1352 processibus

89 1348 344 1422 translationis
370 1343 574 1419 iuliusmorsi
600 1345 636 1416 iu
662 1347 784 1439 aliquo
801 1347 1049 1421 contradicere
1073 1348 1396 1429 seucontrauenire

88 1441 242 1534 dequo
278 1441 425 1535 quidem
452 1439 572 1511 nolito
605 1439 773 1510 consensu
807 1459 847 1512 et
879 1440 1059 1534 paritiouc
1088 1439 1293 1516 huiusmodi
1327 1468 1395 1521 vot

17 1608 20 1618 ,
85 1531 191 1606 idem
217 1537 364 1608 domine
391 1532 541 1605 Notarie
564 1531 732 1623 poteritis
759 1533 901 1626 prelato
927 1531 1148 1608 illuiiriiiimo
1166 1537 1321 1632 principi
1343 1537 1393 1615 su·

84 1646 178 1699 cere
203 1628 333 1714 iidem,
358 1627 403 1698 de
429 1624 497 1697 buc
522 1627 630 1697 etiarn
657 1623 691 1696 ei
715 1625 760 1707 (st
785 1647 877 1720 opus
903 1630 969 1721 iit)
993 1627 1172 1702 conficere
1191 1648 1228 1702 et
1249 1635 1394 1708 tradere

82 1719 370 1795 instrumentum
398 1719 584 1810 pubiicum
610 1719 690 1795 Qun
715 1719 888 1812 liquidem
913 1722 1040 1794 cedula
1063 1723 1224 1816 perlecta
1247 1743 1289 1800 nc
1305 1749 1391 1801 con-

83 1809 239 1889 seiirone
271 1830 310 1885 et
339 1812 520 1908 positione
545 1811 750 1884 huiusmodi
782 1811 827 1884 irc
859 1829 899 1885 ut
924 1813 1150 1908 premittitur
1182 1838 1303 1894 coram
1329 1843 1391 1896 me

84 1907 247 1982 notario
268 1905 493 2000 inirascripto
518 1907 621 1978 iactis
646 1907 726 1998 Ego
750 1907 846 1978 idem
865 1906 1033 1980 Notarius
1059 1925 1231 2004 tanquam
1247 1912 1392 2007 publica

86 2022 130 2077 et
155 2003 340 2078 narrenticn
365 1998 516 2095 persona
542 1999 621 2072 rite
645 2017 682 2071 et
706 2001 855 2073 bonine
881 2002 1044 2074 omnium
1069 2001 1285 2097 singulorum
1304 2028 1394 2104 quo-

87 2120 174 2176 rum
201 2095 370 2168 interest.
403 2093 590 2179 intererit,
623 2090 682 2164 scu
706 2089 870 2164 intercise
894 2095 1031 2187 poterit
1055 2099 1335 2189 qutmndciibet
1352 2103 1390 2177 in

81 2187 248 2266 fututum
267 2183 524 2262 curricibuncm
538 2203 575 2258 et
592 2187 807 2280 paritionem
824 2205 1025 2280 pretactam
1044 2189 1165 2264 adnriii
1191 2195 1313 2288 recepi
1332 2213 1387 2270 ru·

83 2285 218 2378 tuique
250 2299 287 2353 ct
313 2300 482 2376 acceptas
514 2279 621 2352 lrnbui
648 2279 815 2352 tontibus
845 2281 1053 2358 melioribus
1079 2283 1192 2355 niodo
1218 2284 1277 2360 riu
1294 2285 1389 2384 June

85 2376 194 2452 cansu
214 2375 331 2448 sorna
356 2391 394 2446 et
420 2370 546 2445 ordire
573 2372 703 2464 quibus
729 2373 831 2466 potui
859 2392 896 2446 rt
914 2375 1024 2448 debui
1039 2379 1154 2470 Super
1168 2377 1298 2470 quibus
1311 2403 1388 2454 om·

86 2473 199 2548 nibus
224 2485 261 2541 et
286 2465 430 2562 singuiis
457 2465 630 2561 prouisis
656 2465 849 2537 voluerunt
873 2483 947 2539 tana
974 2467 1386 2562 prelmusiliuilriiiitnus

116 2569 145 2640 ri
154 2585 265 2657 nceps
280 2581 387 2656 quam
404 2563 560 2632 decanus
572 2578 608 2632 et
624 2560 829 2654 Capitulum
843 2561 1033 2634 memorati
1054 2583 1121 2656 per
1145 2583 1205 2637 me
1225 2568 1382 2642 eundem

83 2589 279 2734 Rotnrium
308 2654 492 2747 pniuicum
517 2672 627 2726 rtrum
654 2654 710 2726 uei
737 2655 840 2745 plura
866 2653 939 2725 lieri
958 2670 996 2726 et
1020 2655 1148 2730 conlici
1172 2655 1382 2736 inlitumen·

76 2769 160 2824 turu
187 2747 244 2821 seu
271 2749 516 2819 irrlltnmenta.
569 2746 665 2820 ricta
689 2745 766 2818 suut
792 2747 856 2819 hec
881 2747 919 2818 in
946 2747 1207 2822 iiiiiiNSTEii
1234 2748 1271 2825 in
1296 2755 1378 2828 loco

75 2841 281 2939 capitulari
307 2840 510 2931 Collegiate
534 2841 680 2911 ecclesie
707 2839 847 2932 prcsate
880 2839 951 2912 Sub
977 2844 1088 2913 Artno
1114 2841 1296 2918 inditione
1319 2847 1380 2924 die

76 2957 119 3014 et
145 2935 358 3030 porrtitieatu
384 2933 512 3040 quibus
540 2936 640 3026 supra
666 2935 752 3004 hora
779 2932 975 3026 primarum
1001 2934 1059 3007 uei
1084 2935 1179 3100 {uait
1204 2938 1377 3030 presenti·

73 3033 147 3105 bus
163 3029 250 3103 irtibi
268 3028 427 3122 prouidus
443 3049 479 3098 et
505 3027 658 3098 irunessis
675 3026 758 3099 uiris
774 3027 1017 3101 cobiano
1033 3027 1087 3100 PL
1123 3029 1371 3121 larneneia,
1472 3090 1474 3098 .

74 3124 261 3200 Vilico
289 3119 512 3216 ilETerllll
536 3117 718 3215 2iuniore,
749 3137 785 3191 et
812 3117 1023 3192 HENRiCO
1043 3119 1223 3195 PERGER
1250 3124 1376 3200 edituo

75 3215 224 3316 presiate
249 3216 441 3310 collegiate
466 3215 611 3285 ecclesie
636 3211 734 3284 iaicis
759 3211 969 3308 stilingerrbs
996 3211 1145 3286 diocesis
1168 3214 1377 3295 testibusud

73 3304 244 3410 premissa
272 3308 411 3382 vocatis
435 3307 571 3398 rogatis
597 3323 634 3376 et
659 3305 753 3378 circu
778 3325 821 3378 ea
845 3304 1058 3380 constitutis.

124 3413 165 3476 Et
195 3407 264 3487 ugo
287 3407 496 3478 Jotanu'uts·
529 3403 783 3468 'suscribunt
817 3405 951 3468 Clericus
989 3405 1212 3487 Retisponensie
1244 3409 1372 3478 diocefio

168 3501 309 3564 Publicus
325 3502 402 3562 sacre
416 3501 563 3580 imperiali
581 3501 766 3560 auctoritate
783 3497 931 3561 Notarius
949 3499 1020 3578 quir
1035 3499 1223 3564 Couseii'roni
1238 3504 1373 3571 Consen-

170 3595 215 3658 sui
234 3607 265 3656 et
279 3595 424 3656 Paritioni
443 3593 615 3674 supratactit
633 3594 759 3674 elijsque
783 3594 926 3654 omuibus
937 3605 969 3654 et
985 3591 1110 3673 singuiis
1125 3595 1269 3675 premitus
1281 3611 1371 3682 etque

167 3689 200 3750 in
215 3689 375 3770 preinserta
388 3687 498 3750 cedula
510 3686 651 3768 expressus
670 3701 701 3748 et
714 3689 870 3748 contentis
883 3687 1079 3768 personaliter
1093 3706 1155 3750 unt
1170 3709 1239 3752 cum
1257 3711 1369 3773 preno-

166 3784 290 3844 minatis
306 3783 429 3844 teiiibur
449 3782 573 3843 interiui
589 3781 689 3860 anue
711 3783 782 3842 dum
806 3781 846 3844 sic
867 3793 903 3842 ut
919 3780 1106 3860 premittitur
1119 3781 1228 3846 fierent
1248 3797 1280 3848 et
1295 3806 1370 3870 ege.

167 3885 272 3936 rentur
290 3875 361 3940 vidi
381 3889 411 3937 et
430 3877 532 3937 audiui
556 3875 672 3938 idcirco
704 3875 765 3935 hoc
792 3866 913 3956 present
936 3874 1091 3954 pubiicum
1108 3874 1365 3957 instrumentum,

167 3971 291 4032 ulterius
310 3989 399 4031 manu
415 3988 462 4030 me
483 3971 549 4050 aiijt
567 3979 718 4048 occupato
732 3971 888 4049 negotiis,
914 3965 1042 4028 iideiitet
1056 3967 1218 4048 scriptum,
1242 3971 1364 4040 Exinde

166 4061 289 4125 conieci
316 4061 465 4143 subscripsi
482 4072 514 4126 et
539 4061 570 4124 in
596 4061 673 4122 huuc
699 4063 847 4142 publicam
867 4061 996 4123 sormam
1024 4061 1127 4141 redegi
1144 4060 1307 4147 signoque
1332 4078 1366 4135 et

167 4159 294 4218 numine
308 4159 382 4220 meir
401 4157 498 4220 solitis
518 4167 549 4218 et
568 4155 721 4217 consuetis
737 4156 851 4238 ignaui
873 4157 906 4217 iu
918 4154 1008 4216 sidem
1026 4163 1059 4217 et
1071 4155 1201 4220 evidens
1220 4161 1363 4226 testimo·

163 4249 251 4313 nium
271 4254 410 4318 omnium
422 4261 454 4316 et
475 4249 661 4333 stuguiorum
674 4249 900 4332 premissorum,
926 4249 1066 4331 Rogatut
1080 4249 1192 4331 pariter
1206 4261 1239 4315 et
1262 4259 1364 4338 requi·

164 4343 252 4412 utor.
554 4334 620 4434 Yy
628 4359 689 4436 yy
712 4359 735 4416 2
908 4333 1310 4420 llumcccuxxxlx.
