3264 4812
179 437 264 538 686
511 422 768 512 continuatio
796 423 1155 521 Monumentomm

179 669 334 750 rumque
357 647 464 726 alteri
487 667 572 724 cura
593 647 786 724 immineat
808 648 1010 730 animarum
1035 653 1197 732 dumodo
1222 653 1378 755 dignitas
1402 663 1487 758 ipsa

177 759 218 832 in
241 747 452 826 cathedrali
476 743 556 840 poll
582 742 831 851 sentificalcm
855 745 991 834 maior,
1020 751 1079 824 uel
1105 753 1308 850 Collegiata
1329 757 1485 835 ccclesia

178 841 390 926 huiusmodi
414 838 627 936 principalis
658 859 733 914 non
756 839 906 930 exiliat,
939 843 1040 916 cuius
1070 841 1132 918 sen
1165 865 1319 941 quorum
1342 847 1484 924 sructus

177 940 340 1020 redditus
364 953 403 1008 et
425 950 627 1044 prouentus
651 933 677 1006 sr
701 955 784 1009 cum
809 956 894 1011 cura
916 954 979 1012 aut
1003 937 1161 1036 dignitas
1186 942 1244 1015 uel
1270 942 1483 1032 personatus

177 1035 348 1116 'sricinta
372 1050 557 1124 qumque,
589 1027 612 1100 li
637 1049 726 1101 uero
751 1030 823 1104 line
847 1051 932 1105 cura
956 1052 1024 1106 nec
1048 1033 1206 1130 dignitas
1229 1038 1287 1110 uel
1312 1037 1484 1132 persona-

179 1116 379 1206 cos‘fuent
409 1123 468 1196 sen
499 1121 576 1217 ipsa
600 1120 686 1193 Duo
715 1117 849 1196 fuerint
883 1123 1028 1218 Viginti
1059 1127 1222 1289 ?uinque
1253 1132 1486 1208 Martha-om

177 1221 321 1322 argenti
354 1217 548 1292 secundum
582 1217 808 1289 taxationem
844 1214 986 1289 decime
1017 1237 1179 1293 oaorem
1213 1241 1374 1298 annrrum
1406 1245 1486 1300 non

178 1318 380 1395 erc-edant,
414 1317 458 1382 ad
485 1308 759 1382 Venerabilium
784 1307 934 1382 fratrum
959 1310 1159 1386 nostrorum
1184 1311 1410 1411 Frismgenlis
1441 1337 1486 1392 et

179 1403 414 1503 Auguslenlis
443 1400 704 1498 Episcoporum
730 1421 772 1476 ac
797 1404 1011 1477 dilectorum
1036 1403 1211 1490 liliorum,
1246 1406 1485 1486 Decauorum

177 1502 560 1585 rlrcbidraconorum,
600 1495 828 1571 succisarum
860 1497 1129 1594 Prepositorum
1161 1499 1485 1578 Thesaurutiorum

178 1602 378 1672 Cantorum
404 1591 700 1665 Sclrolasticorurn
727 1609 765 1664 et
779 1590 1031 1686 capitulorum
1055 1593 1348 1690 singulorumque
1361 1600 1485 1670 Cano·

176 1691 342 1769 tricorum
367 1707 405 1758 et
431 1685 661 1779 personarum
679 1683 903 1779 Frilingensrs
928 1704 966 1758 et
992 1689 1483 1782 Augudeosrsecclellnrum‚

76 1803 80 1810 ·
177 1785 289 1859 etium
308 1781 462 1853 ratione
495 1776 716 1870 dignitatum
748 1778 1006 1871 personatuum
1039 1781 1388 1857 administrationum
1418 1783 1482 1857 uel

177 1875 379 1952 officiorum
405 1872 538 1966 quein
563 1870 634 1943 iilis
658 1871 848 1961 obtinent,
871 1872 1105 1947 collationem
1130 1875 1372 1968 prouilionem
1398 1899 1484 1972 pre·

174 1968 418 2047 scrutationem
443 1964 663 2038 electionem
695 1963 755 2038 sen
786 1966 953 2061 quamuis
985 1967 1093 2040 aliam
1124 1966 1393 2062 dispositionem
1420 1994 1485 2043 co·

173 2066 337 2141 munitor
360 2062 418 2134 uel
443 2059 584 2133 diuilim
611 2060 798 2154 pertinens
824 2059 884 2133 seu
908 2061 1127 2155 pertinentia
1150 2060 1275 2158 siquod
1299 2064 1357 2134 uel
1381 2063 1484 2157 siqua

174 2176 284 2233 uacat
310 2157 370 2230 seu
397 2174 527 2227 vacant
552 2157 597 2227 ad
622 2153 790 2248 presens,
813 2172 877 2228 aut
900 2176 985 2228 cum
1010 2155 1195 2244 uacuerit,
1219 2153 1277 2228 seu
1298 2153 1399 2228 simul
1420 2154 1482 2227 uel

173 2251 371 2329 successiue
395 2246 619 2330 uacauerint‚
644 2251 742 2342 quod
769 2254 827 2319 leu
847 2267 919 2344 que
943 2267 983 2323 tu
998 2270 1117 2344 perte
1132 2249 1188 2324 uei
1205 2265 1483 2344 procuratorem

174 2365 279 2423 tuum
296 2348 342 2416 ad
368 2341 435 2412 hoc
455 2341 622 2446 legitime
648 2341 879 2415 constitutum
911 2342 1005 2417 inira
1031 2343 1135 2417 unius
1160 2343 1289 2417 mensis
1312 2340 1483 2450 spatium,

173 2441 367 2553 postquam
392 2435 457 2507 tibi
485 2434 544 2506 uel
569 2431 688 2507 erdem
714 2437 941 2529 procuratori
959 2439 1105 2512 uocatio
1127 2438 1222 2512 illius
1251 2437 1311 2509 uel
1332 2436 1479 2510 ullorum

173 2530 395 2612 innotuerit.
420 2528 567 2602 duxeris
591 2533 858 2623 acceptandum
885 2532 943 2604 uel
968 2536 1190 2625 acceptanda
1216 2524 1479 2603 conserendum

171 2630 234 2705 seu
259 2623 480 2700 conserenda
503 2620 570 2695 tibi
594 2643 679 2719 post
703 2623 998 2719 acceptationem
1023 2623 1231 2696 huiusmodi
1254 2639 1338 2694 cum
1362 2622 1482 2697 omni·

171 2722 390 2796 busiuribus
415 2736 453 2790 et
467 2717 698 2809 pertinentiis
724 2716 792 2791 suis
808 2718 998 2790 donationi
1014 2716 1220 2810 apostolice
1243 2716 1481 2791 reservamus.

172 2814 379 2891 Dillrictius
405 2811 613 2887 inhibentes
645 2809 782 2886 eisdem
809 2809 999 2910 Episcopis
1023 2811 1206 2896 Decurrit,
1238 2810 1481 2888 Archidiaco·

169 2911 228 2987 nis
252 2907 408 2980 Sat-tillia
442 2905 640 2999 Prepositis
665 2907 909 2980 Thesaurariis
933 2907 1155 2982 Cantoribus
1187 2905 1384 2978 Scolaslicis
1410 2908 1480 2977 Ca·

169 3003 299 3102 pitulis
323 2999 516 3074 cononicis
551 3019 587 3069 et
621 3000 805 3090 personis,
841 3021 889 3072 ne
913 3001 960 3072 de
985 2999 1165 3074 beneficio
1196 2999 1256 3070 seu
1289 2994 1480 3070 beneficiis

169 3095 380 3175 huiusmodi
406 3091 551 3165 interim
576 3090 688 3166 etiam
713 3112 799 3166 ante
820 3093 1087 3188 acceptatioem
1112 3089 1278 3166 eamdem
1303 3089 1366 3162 nili
1376 3089 1478 3254 <post·

169 3211 281 3288 quam
306 3190 361 3262 eis
385 3187 587 3260 constiterit
612 3190 711 3281 quod
736 3205 775 3260 tu
792 3188 851 3259 uel
877 3204 1089 3281 procurator
1103 3183 1287 3278 predictus
1310 3183 1373 3257 illu
1416 3183 1478 3257 uel

169 3288 232 3361 illa
249 3283 436 3358 nolueritis
461 3296 653 3375 acceptare
673 3278 863 3375 disponere
887 3299 1038 3376 quoquo
1060 3282 1174 3354 modo
1188 3278 1417 3373 presumant,
1432 3297 1477 3350 ac

172 3382 413 3455 decernentes
436 3395 483 3445 ex
508 3393 604 3447 nunc
633 3375 775 3450 irritum
801 3391 840 3448 et
875 3373 1005 3458 inaure,
1040 3372 1063 3446 st
1095 3372 1191 3447 secus
1225 3373 1331 3464 super
1359 3368 1477 3443 hiisa

170 3491 357 3569 qrtoquam
383 3467 510 3564 quouis
534 3471 752 3543 autoritate
778 3468 931 3542 dientes
961 3471 1017 3540 uel
1042 3467 1254 3561 ignoranter
1278 3463 1478 3571 contigerit

170 3563 409 3658 attemptari:
438 3563 518 3636 Non
543 3563 765 3635 obllatttibus
790 3563 900 3655 priori
927 3563 1116 3631 dolomate
1143 3559 1261 3631 nollra
1287 3556 1478 3644 preducta,

170 3680 210 3736 et
232 3661 315 3742 alia,
331 3675 403 3750 qua
415 3657 528 3729 etiam
554 3675 703 3730 cauetur
726 3661 824 3751 quod
851 3652 1053 3728 nulliextra
1069 3651 1265 3726 Notionem
1282 3651 1378 3722 suant
1394 3669 1477 3758 gra·

171 3757 224 3833 tia
250 3749 491 3844 lixpectatiua
515 3756 757 3830 coucedatur,
782 3753 956 3843 quodque
989 3749 1147 3830 idioma,
1181 3745 1280 3838 quod
1306 3743 1475 3817 hommes

174 3846 373 3925 Ciuitatum
399 3867 437 3918 et
461 3841 626 3938 dyocesis
662 3842 885 3934 l'rilingenlis
920 3858 959 3911 et
991 3839 1222 3934 Augullenlis
1254 3835 1476 3931 loquuntur,

171 3965 248 4020 nou
270 3937 444 4032 intelligis
469 3959 536 4010 nec
561 3936 840 4033 intelligibiliter
867 3933 970 4026 loqui
1004 3936 1089 4016 scis,
1124 3951 1168 4004 uc
1200 3931 1279 4004 aliis
1304 3929 1476 4005 coustitu-

172 4035 333 4111 tionibus
358 4049 394 4106 et
420 4031 708 4103 ordinationibus
732 4029 963 4126 apostolicis,
988 4046 1153 4100 necnon
1179 4021 1325 4098 ecclesie
1341 4026 1399 4096 uel
1414 4046 1474 4098 ec·

174 4129 383 4220 eleborum,
411 4124 450 4205 iu
475 4145 547 4221 qua
571 4122 631 4200 seu
655 4124 786 4221 quibus
811 4121 1026 4203 beneficium
1057 4119 1118 4196 seu
1148 4115 1324 4195 bcuelicia
1350 4117 1478 4288 buius·

1320 4231 1384 4290 mu
1411 4233 1426 4286 t
