3302 4740
522 476 736 566 Ecclesiae
765 476 811 558 ad
837 471 893 560 D.
924 469 1145 579 Virginem.
1411 513 1490 597 331

191 695 600 790 nurnccxntr.
657 663 1486 806 indulgentiaeconcameratam

331 836 554 920 fabricam
578 827 826 916 Ecclesiae
845 821 983 913 Β.Μ.
999 820 1059 913 V.
1084 854 1347 916 concessae.

694 967 837 1050 Anno
871 988 987 1073 ¹443·

193 1170 435 1356 Vniuersis
460 1184 498 1242 et
521 1167 671 1265 singulis
696 1165 801 1238 Crilli
835 1162 1000 1236 fidelibus
1035 1161 1220 1257 presentes
1249 1167 1403 1250 Litteras
1434 1176 1490 1252 iu·

308 1289 479 1389 specturis
519 1283 819 1362 ALEXANDER
870 1279 1110 1357 misericordia
1147 1287 1269 1362 diuina
1304 1307 1342 1363 et
1377 1292 1489 1371 sancti

193 1410 379 1499 Laurenti]
405 1411 442 1481 iu
467 1405 680 1480 Damaso
706 1409 836 1473 sancte
859 1403 1009 1475 lomene
1030 1399 1186 1476 Ecclesre
1209 1406 1389 1486 Presbiter
1412 1434 1489 1488 cat-

192 1532 325 1610 dinalis
359 1525 560 1602 Patriarcha
584 1518 836 1616 aquilegiensis
868 1517 1069 1612 vulgariter
1101 1541 1329 1618 nuncupatus
1358 1529 1491 1606 Admi-

193 1650 361 1729 uillrator
384 1659 584 1742 perpetuus
606 1638 776 1713 ecclesiae
800 1637 1023 1710 ttindentine
1053 1657 1121 1732 per
1144 1637 1401 1723 sacrosanctam
1426 1671 1492 1746 ge.

192 1769 352 1848 netalem
377 1764 551 1838 sinodum
575 1751 797 1834 basiliensem
831 1773 874 1828 ac
897 1753 1019 1829 sedem
1043 1757 1279 1852 apostolicam
1311 1785 1378 1860 per
1403 1771 1490 1843 Ger·

191 1889 314 1967 manle
339 1900 461 1980 partes
493 1881 636 1976 legatus
661 1877 707 1950 de
732 1876 847 1948 latere
881 1874 1085 1968 specialiter
1110 1877 1307 1973 deputatus
1341 1886 1491 1982 duxque

196 2001 422 2083 MAZONlE
447 2015 519 2072 etc.
558 1996 718 2068 Salutem
742 1992 781 2067 in
806 1992 958 2069 domino
983 1991 1250 2090 sempiternam.
1287 2002 1349 2077 Pia
1373 2022 1492 2082 mater

192 2123 423 2201 Ecclesia-de
447 2117 648 2193 animarum
673 2112 785 2187 salute
808 2112 959 2185 sollicita
990 2113 1207 2189 deuototum
1231 2117 1393 2196 fidelium
1424 2145 1492 2220 per

192 2241 350 2340 quedam
374 2254 523 2309 munera
547 2231 716 2329 specialia
739 2226 968 2304 remissiones
992 2228 1162 2307 videlicet
1187 2250 1226 2309 et
1245 2236 1491 2337 indulgentias

194 2360 349 2435 inuitare
374 2350 561 2428 consuevit
584 2352 630 2425 ad
648 2346 811 2424 debitum
830 2343 1025 2421 famulatus
1044 2347 1220 2427 honorem
1246 2356 1317 2430 deo
1334 2371 1371 2430 et
1386 2357 1493 2437 sacris

195 2477 322 2554 edibus
346 2473 569 2544 inbuendum
592 2487 632 2542 ut
653 2468 813 2543 crebrius
837 2480 875 2537 et
898 2467 1069 2542 devotius
1092 2471 1177 2545 illuc
1195 2471 1351 2549 confluat
1371 2500 1493 2576 popu·

196 2601 251 2674 lus
278 2590 496 2667 Christianus
520 2589 665 2663 assiduis
690 2587 885 2664 saluatoris
909 2586 1065 2679 gratiam
1098 2590 1265 2684 precibus
1297 2593 1492 2692 implorun.

194 2722 280 2793 dam
313 2730 415 2786 tanto
450 2698 492 2780 ut
523 2707 736 2781 delictorum
767 2705 909 2778 suorum
944 2705 1090 2779 veniam
1121 2726 1159 2781 et
1189 2709 1344 2806 gloriam
1375 2717 1494 2816 Regni

195 2830 331 2908 celestis
356 2827 526 2921 consequi
551 2842 735 2900 mereatur
757 2841 933 2898 eternam.
980 2824 1178 2918 Cupientes
1204 2827 1328 2926 igitur,
1352 2850 1392 2906 ut
1411 2857 1493 2931 par-

194 2950 360 3027 rochialis
386 2945 540 3021 Ecclesia
563 2948 669 3016 beate
694 2941 807 3014 marie
834 2942 984 3037 virginis
1009 2941 1110 3036 opidi
1135 2947 1356 3021 monacensis
1380 2949 1492 3029 trifin-

102 3085 105 3088 ’
193 3071 311 3166 genus
336 3064 519 3140 dioceseos
544 3059 713 3154 congruis
738 3057 932 3132 honoribus
957 3057 1207 3156 frequentetur
1241 3079 1280 3139 et
1310 3065 1332 3140 d
1363 3067 1491 3145 Christi

196 3191 362 3265 fidelibus
387 3185 523 3282 iugiter
548 3198 766 3267 veneretur,
802 3177 970 3251 omnibus
1006 3200 1091 3254 vere
1123 3183 1374 3276 penitentibus
1406 3205 1492 3266 con·

194 3308 294 3384 sessis
319 3322 357 3378 et
381 3302 546 3377 contritis
570 3299 631 3396 qui
656 3299 811 3372 eandem
840 3297 1033 3370 Ecclesiam
1066 3319 1137 3394 que
1166 3303 1202 3374 in
1239 3303 1418 3406 structuris
1451 3323 1490 3382 et

195 3423 346 3515 edificiis
372 3422 439 3494 suis
464 3441 537 3494 non
562 3416 727 3492 modicos
750 3415 889 3512 patitur
913 3414 1077 3490 desectus
1105 3418 1144 3492 in
1168 3418 1391 3511 natiuitatis,
1416 3426 1493 3500 Cir-

196 3541 418 3620 cumcilionis
452 3538 657 3633 Epiplranie
689 3535 957 3610 resurrectionis
990 3535 1217 3612 Ascenfionis
1251 3555 1288 3615 et
1315 3543 1488 3638 Corporis

197 3661 332 3740 domini
354 3657 461 3734 nostri
485 3655 573 3752 Jesu
600 3655 722 3730 Christi
746 3677 789 3729 ac
811 3657 1039 3750 pentecostes
1069 3679 1136 3731 net·
1160 3680 1234 3736 uon
1258 3660 1492 3753 Natiuitatis,

197 3773 1492 3874 denuntiationis,purificationis,vilicationis,Assunrptiouis‚etcon·

196 3895 380 3998 captionis
413 3895 519 3968 beate
555 3891 703 3990 virginis
735 3894 850 3969 matie
887 3895 1099 3971 Natiuitatis
1129 3917 1278 3993 quoque
1305 3895 1490 3994 Johannis

196 4017 352 4116 Baptiste
388 4010 588 4087 sauctorum
621 4013 865 4107 apostolorum
902 4015 1178 4104 lestiuitatibus‚
1211 4035 1253 4092 uc
1283 4018 1494 4098 celebritate

199 4139 361 4216 onmium
384 4132 588 4211 sauctorum
613 4147 651 4206 et
674 4133 913 4210 dedicationis
939 4135 1093 4210 Ecclesre
1116 4133 1301 4227 eiusdem,
1324 4157 1395 4213 uec
1417 4160 1492 4217 non

888 4254 950 4328 Tt
973 4281 994 4332 2
1378 4279 1447 4357 per
