3278 4738
157 425 238 529 ‘96
512 413 766 502 communio
796 415 1152 507 Monumentorum
1260 525 1262 528 ¹

187 636 320 726 Num.
338 606 619 721 CXXVIII.
672 629 977 719 Confirmatio
998 639 1274 755 episcopalis
1296 577 1472 734 Missae

135 888 137 898 Ι
212 792 466 888 perpetuae
490 801 525 888 a
554 765 614 854 D.
645 767 902 857 Vincentio
921 769 1129 858 Parocho
1152 774 1213 861 ad
1229 771 1283 861 B·
1299 774 1360 866 V.
1375 775 1456 866 M(

277 940 279 946 ·
536 903 769 989 fundatae.
825 907 968 989 Anno
1001 937 1119 1017 1402.

187 1105 579 1298 Barcarornos
613 1105 671 1178 oei
706 1121 745 1181 et
775 1107 971 1202 apostolice
1009 1109 1100 1185 seris
1132 1113 1251 1212 garn
1280 1113 1476 1213 Episcopus
1602 1101 1606 1111 ’

293 1227 503 1324 frisingensis
530 1223 712 1298 Vniversa
749 1241 788 1300 et
821 1226 967 1325 lingulis
1003 1231 1066 1304 has
1104 1232 1228 1308 literas
1263 1233 1475 1330 inspecturis

184 1351 334 1426 salutem
366 1349 404 1419 in
437 1343 588 1418 domino
618 1343 834 1416 venerabilis
864 1345 902 1420 in
927 1347 1064 1422 Christo
1087 1349 1206 1424 srntris
1229 1354 1335 1427 nollri
1361 1353 1475 1429 fidelis

187 1467 308 1544 dilecti
334 1462 471 1538 domini
498 1459 685 1550 Vincen‘cij
718 1463 890 1538 canonici
916 1465 1092 1540 Ecclesiae
1116 1471 1234 1543 noslre
1263 1469 1475 1569 frisingense

185 1607 225 1660 ec
257 1584 419 1659 Rectorir
451 1579 597 1652 ecclesie
631 1583 739 1652 beate
774 1582 891 1656 Marie
924 1583 1075 1679 virginis
1107 1587 1145 1659 irr
1172 1591 1327 1662 Monaco
1357 1591 1475 1665 nostre

185 1698 412 1800 lrylingenlir
443 1698 601 1791 dyocesis
626 1696 789 1772 exhibita
819 1700 925 1773 nobis
948 1701 1082 1797 petitio
1106 1704 1343 1794 continebat,
1377 1708 1477 1802 quoti

184 1841 267 1896 cum
292 1817 362 1913 ipse
386 1817 477 1889 intra
490 1814 586 1888 suam
598 1815 786 1889 Ecclesiam
799 1817 905 1890 beate
916 1819 1065 1912 virginis
1079 1821 1234 1921 gloriose
1257 1825 1305 1900 ad
1316 1823 1475 1901 Laudem

185 1954 224 2014 et
248 1938 401 2034 gloriam
426 1932 690 2026 omnipotentis
715 1937 772 2008 dei
807 1933 1004 2010 beatissime
1027 1939 1214 2034 genitricis
1236 1940 1296 2013 sue
1323 1939 1475 2040 virginis

183 2057 302 2131 Marie
339 2056 527 2128 beatorum
559 2053 802 2147 apostolorum
835 2053 929 2127 Petri
960 2072 998 2129 et
1022 2056 1120 2130 Pauli
1150 2057 1337 2152 totiusque
1365 2059 1475 2132 curie

184 2173 323 2249 celestis
363 2169 641 2266 triumphantis,
683 2171 731 2243 ob
767 2171 917 2246 salutem
950 2192 990 2248 et
1022 2175 1226 2251 remedium
1261 2174 1383 2248 anime
1414 2175 1475 2249 sue

181 2291 458 2387 progenitorum
496 2304 534 2362 et
558 2283 797 2361 Succelsorum
833 2287 974 2364 luorum
1008 2308 1046 2365 et
1079 2293 1243 2368 omnium
1274 2291 1476 2366 animarum

184 2411 344 2483 fidelium
370 2405 621 2480 defunctorum
636 2425 743 2479 vnam
760 2409 946 2502 Capellam
970 2431 1052 2483 cum
1069 2435 1141 2484 vno
1159 2409 1275 2486 Altari
1299 2411 1474 2486 errexerit

180 2525 415 2600 construxerit
451 2543 488 2596 et
522 2523 713 2618 perfecerit
747 2542 784 2596 et
818 2529 864 2598 de
896 2528 1052 2622 propriis
1083 2527 1151 2601 suia
1177 2529 1281 2603 bonis
1306 2551 1375 2622 pro
1398 2549 1473 2602 vno

179 2642 381 2738 prespitero
405 2641 462 2716 seu
489 2645 713 2738 cappellano
739 2663 918 2738 perpetuo
942 2646 993 2718 ibi
1018 2648 1179 2720 terrendo
1201 2643 1348 2739 copiose
1371 2647 1474 2722 dota·

181 2763 276 2838 uerit
308 2761 579 2855 luspatronatus
608 2761 668 2831 sibi
703 2779 741 2832 et
775 2757 1035 2835 successoribus
1066 2758 1133 2838 suis
1165 2762 1380 2851 retinendo,
1420 2765 1474 2837 lto

180 2879 282 2975 qnod
316 2877 392 2972 ipse
424 2883 469 2952 ad
501 2879 577 2952 dies
610 2880 685 2952 vite
710 2880 770 2951 lue
794 2898 830 2953 ct
854 2877 1074 2954 succesores
1097 2880 1172 2966 sui,
1203 2880 1264 2976 qui
1288 2901 1357 2977 pro
1381 2897 1473 2955 tem·

178 3017 271 3093 pore
306 2995 404 3068 dicte
433 2997 580 3070 ecclesie
615 3000 724 3073 beate
749 2999 861 3072 llarie
892 3000 931 3072 in
958 3001 1115 3072 Monaco
1145 2999 1316 3072 Rectorer
1339 2995 1472 3076 suerint

179 3115 337 3188 debeant
361 3128 398 3185 et
425 3111 556 3208 possint
580 3116 721 3188 tociens
751 3119 956 3209 quoticienr
986 3115 1100 3212 ipsam
1125 3114 1312 3210 capellam
1344 3137 1473 3192 uacare

176 3230 373 3327 contigerit
398 3233 535 3328 eligere
560 3232 796 3329 prespiterum
821 3237 1006 3328 ydoneum
1030 3249 1068 3306 et
1086 3232 1274 3307 discretum
1297 3237 1471 3310 eundem·

179 3371 252 3445 que
287 3349 391 3420 nobis
424 3369 462 3421 et
493 3347 752 3424 successoribus
784 3351 910 3426 nostris
940 3350 1032 3424 inlra
1057 3366 1204 3446 tempus
1227 3371 1249 3427 a
1273 3354 1472 3428 canoribus

178 3465 365 3544 diffinitum
404 3466 608 3561 presentare
641 3491 706 3565 per
740 3493 808 3543 nos
838 3484 898 3541 aut
931 3469 1104 3544 vicariurn
1134 3471 1292 3545 nostrum
1314 3471 1472 3546 eundem

179 3588 418 3684 prel'piterum
442 3587 479 3660 irr
506 3587 601 3664 dicta
616 3590 762 3684 Capella
793 3586 968 3662 canonice
993 3585 1249 3662 instituendum
1272 3607 1341 3682 pro
1364 3605 1405 3661 ut
1430 3587 1468 3661 in

174 3706 287 3783 literis
320 3707 516 3780 dotationis
549 3707 617 3780 suia
647 3706 751 3803 super
783 3708 854 3803 hoc
876 3703 1050 3780 consectis
1076 3705 1217 3800 plenius
1241 3705 1467 3790 continetur,

173 3827 251 3904 Noa
285 3822 381 3896 dicte
408 3824 556 3917 capelle
589 3843 628 3899 et
653 3825 789 3899 Altaria
822 3825 1063 3902 arrectionem
1092 3841 1129 3896 et
1153 3821 1465 3896 Constructionem

172 3940 435 4040 prespiterique
468 3939 528 4016 seu
568 3943 753 4038 capellani
792 3943 1061 4020 ordinationem
1092 3939 1321 4014 dotationem
1361 3936 1466 4012 Misso

176 4060 456 4137 celebrationem
478 4063 671 4140 admittere
702 4081 741 4142 et
764 4085 813 4139 ex
836 4063 981 4160 speciali
1005 4058 1124 4162 gracia
1147 4057 1363 4134 confirmare
1387 4056 1467 4150 dig·

1313 4189 1418 4250 nare-
