3304 4734
188 487 273 575 432
532 453 786 543 Continuatio
814 445 1171 537 Monumeutomm

187 677 295 776 super
324 674 498 753 confectis
529 672 737 770 Sigillisqne
776 665 1001 768 prefatorum
1041 669 1239 750 ΜΛΤΗΕΙ
1273 669 1413 752 l’E'l'lll
1447 693 1486 756 et

190 796 436 898 JOHANle
456 790 787 868 SENTTLlNGEll
811 787 1032 865 confratrum
1057 791 1356 888 impendentibus
1379 796 1487 872 robo-

187 919 289 1002 ratis,
310 933 354 988 ac
377 930 499 987 coram
524 907 629 986 nobis
654 909 841 1006 productis
859 924 897 983 ct
920 907 1107 992 exhibitis,
1134 910 1403 1010 diligenterque
1425 914 1489 989 eif-

188 1033 274 1108 dem
299 1027 516 1104 examinatis
540 1024 682 1121 plenius
705 1026 934 1109 continetur,
968 1023 1153 1102 humiliter
1186 1046 1230 1101 ac
1253 1029 1389 1105 deuote
1411 1029 1490 1127 lup·
1517 1089 1519 1094 ,

188 1151 349 1247 plicans,
373 1160 551 1240 quatenus
574 1142 671 1217 dicte
695 1139 795 1216 mide
820 1139 1095 1229 fundationem,
1120 1145 1352 1220 dotationem
1376 1166 1415 1222 et
1437 1149 1494 1246 ip·

190 1268 260 1342 frus
282 1260 585 1350 celebrationem,
614 1261 809 1336 admittere
833 1277 872 1334 et
896 1261 944 1334 de
967 1258 1112 1356 speciali
1135 1262 1255 1362 gratia
1279 1261 1494 1340 confirmare

135 1376 137 1385 '
191 1386 447 1481 dignaremur,
480 1381 528 1453 ad
562 1378 755 1454 cautellam
778 1398 828 1452 ex
851 1399 923 1464 eo,
955 1377 1056 1473 quod
1080 1379 1203 1453 littere
1224 1379 1491 1457 confirmatorie

193 1499 280 1576 alias
305 1492 467 1572 concelle
490 1511 529 1570 et
550 1497 790 1572 verisimiliter
812 1492 936 1571 amilfe
959 1517 1034 1573 non
1058 1513 1300 1601 apparerent,
1327 1499 1404 1574 Not
1427 1499 1495 1598 igi-

193 1631 253 1690 tur
276 1618 412 1689 cultum
437 1615 600 1689 diuinum
625 1615 753 1689 nostris
777 1615 1005 1709 temporibus
1036 1617 1221 1713 adaugere
1252 1635 1288 1689 et
1316 1617 1495 1711 ampliare

194 1733 341 1808 intends
363 1733 545 1806 defrderiis
568 1727 794 1816 affectamus,
820 1732 869 1804 ob
882 1735 1274 1808 commemorationem
1289 1731 1402 1808 diuini
1417 1754 1496 1808 cor·

192 1853 316 1948 poris,
340 1848 595 1943 laudabileque
620 1851 660 1923 in
683 1844 834 1922 domino
861 1848 1087 1945 propolitum
1116 1851 1275 1944 ipsorum
1301 1849 1496 1924 MATHEf

114 2025 117 2031 .
195 1968 335 2043 PETlll
360 1965 556 2041 GEOllGll
580 1985 620 2041 et
642 1963 888 2064 Jollntttlls
912 1965 1241 2041 SENT'leNGEfl
1272 1967 1495 2044 confratrum

194 2084 479 2183 supradictorum
503 2079 752 2158 fauorabiliter
776 2105 996 2179 promouere
1017 2103 1056 2160 et
1073 2085 1276 2180 adimplere
1296 2087 1502 2181 cupienter,

195 2201 338 2302 prefate
353 2217 535 2300 perpetue
548 2197 662 2289 mille,
680 2201 959 2286 lnllitutionem,
981 2200 1249 2285 fundationem,
1272 2205 1501 2279 dotationem

198 2323 385 2417 lpfrusque
408 2318 641 2400 fundationis,
665 2318 902 2395 lostitutioois
924 2335 964 2392 et
983 2318 1182 2393 dotationis
1207 2318 1347 2392 litteras
1376 2321 1422 2391 de
1447 2319 1500 2392 fu·

197 2439 446 2538 predictorum
468 2437 665 2511 MdTllEl
681 2439 815 2513 PETlit
830 2437 1026 2514 uuonan
1042 2457 1081 2513 et
1095 2435 1340 2535 JOHANle'
1359 2437 1445 2511 SEN
1458 2437 1498 2510 f-

199 2557 375 2635 LlNGlifl
406 2555 641 2643 confratrum,
674 2576 717 2629 ac
750 2559 897 2649 plebani
929 2576 1016 2632 tunc
1045 2557 1182 2629 ibidem
1217 2549 1383 2648 exprelfo
1416 2575 1500 2635 con

198 2674 301 2752 feufu
325 2678 365 2762 ln
390 2675 561 2750 omnibus
582 2673 651 2748 fuis
675 2674 789 2747 titulis
814 2677 984 2769 capitulis
1007 2691 1045 2745 et
1070 2672 1238 2768 punctis,
1272 2675 1503 2748 Auctoritatc

66 2799 69 2805 ’
200 2796 320 2870 nostra
355 2797 538 2870 ordinaria
573 2792 859 2869 confirmandum
895 2791 1092 2874 duximus,
1128 2812 1166 2865 et
1191 2791 1411 2888 prelentium
1437 2815 1504 2889 per

201 2889 369 2986 tenorem
396 2917 434 2984 lu
460 2915 519 2985 dei
544 2913 698 2986 nomine
721 2911 1000 2995 confirmamus,
1023 2909 1175 3006 Juribus
1209 2929 1333 2984 tameo
1356 2931 1396 2985 et
1419 2934 1503 2988 curn·

202 3027 450 3106 fuetudiuibus
489 3029 641 3115 nolitis,
679 3051 724 3104 ac
759 3027 1000 3103 Suocelforutn
1041 3028 1240 3102 nostrorum
1284 3046 1323 3102 et
1355 3029 1505 3103 ecclelie

203 3153 313 3226 beate
340 3150 454 3224 marie
477 3149 629 3243 virginis
657 3163 819 3243 protecte
842 3161 881 3220 et
905 3147 1049 3242 plebani
1076 3147 1239 3220 eiusdem
1261 3165 1305 3222 ac
1323 3147 1508 3222 cniufcun·

208 3290 280 3364 qne
305 3267 452 3342 alterius
478 3263 620 3360 fenrper
643 3265 759 3338 lisluis.
795 3265 973 3338 volentos
997 3282 1038 3339 et
1059 3268 1296 3341 decernentes
1320 3284 1360 3340 ut
1383 3273 1508 3344 omniu

210 3405 249 3462 et
273 3385 407 3481 lingula
432 3382 668 3478 suprascripta
695 3383 815 3455 Robur
839 3385 995 3453 habeant
1019 3403 1200 3475 perpetue
1223 3383 1429 3472 firmitatis,
1467 3385 1508 3458 lu

209 3524 364 3602 quorum
398 3501 561 3590 omnium
586 3521 624 3571 er
649 3500 868 3594 fitigaturum
896 3493 1144 3596 ptemilforum
1174 3498 1360 3594 prefentes
1389 3500 1508 3578 nostre

209 3620 494 3702 cnrtfirmatiouis
519 3619 659 3693 litteras
683 3616 840 3692 iullirous
864 3637 903 3692 et
926 3617 1082 3693 fecimus
1106 3620 1221 3719 sigilli
1242 3621 1348 3694 nostru
1367 3637 1508 3714 appen.

212 3745 311 3820 froue
334 3738 561 3814 communiri.
587 3736 723 3808 Datum
748 3755 785 3808 et
809 3756 930 3811 actum
957 3740 996 3814 ln
1021 3739 1133 3813 castro
1157 3740 1276 3812 nostro
1300 3735 1507 3835 fuifrogenli

213 3863 273 3938 die
296 3858 511 3936 Tredecimn
536 3853 664 3928 menits
692 3853 901 3926 Decembris
925 3859 1038 3931 rinno
1052 3855 1203 3932 Domini
1219 3853 1408 3931 lllillelimo
1422 3875 1509 3953 qua·

212 3977 493 4076 dringenteduro
519 3971 818 4070 qoinquagelimo
842 3971 983 4052 Tertio.

1103 4201 1210 4266 biom.
1223 4207 1462 4284 CCLXXXV.
