3302 4740
342 377 347 386 ’
494 379 716 473 Ecclesiae
744 383 793 470 ad
821 379 877 472 D.
909 379 1123 492 Virginem.
1385 395 1466 503 3⁶5

167 607 319 687 comissa
342 615 419 680 rate
443 613 483 679 et
504 600 672 698 legitime
697 603 867 681 duximus
883 603 1171 682 confirmandum
1196 619 1235 682 et
1248 619 1378 686 tenore
1388 631 1470 710 pre·

166 729 324 803 sentium
349 726 390 798 ln
415 722 474 798 dei
498 723 650 798 nornine
673 723 927 800 confirmamus
952 723 1107 800 Ecclesre
1131 726 1239 802 beate
1263 729 1377 802 mnrie
1401 731 1472 806 vir·

167 847 266 944 ginis
290 843 455 939 predicte
490 859 529 917 et
552 840 698 937 plebani
724 841 883 918 eiusdem
908 840 1062 938 ‘lusibus
1092 842 1235 938 semper
1264 844 1370 921 salvis
1394 848 1472 925 Vo-

168 967 287 1038 lentes
312 979 350 1035 et
374 963 612 1035 decernentes
637 975 679 1034 vt
702 950 826 1034 omnia
849 975 887 1034 et
919 957 1055 1051 lingula
1081 957 1339 1060 suprascripta
1363 965 1472 1044 robur

166 1093 353 1177 perpetue
376 1079 535 1154 habeant
558 1077 739 1152 firmitatis
765 1083 806 1152 su
830 1095 986 1173 quorum
1010 1077 1174 1153 omniurn
1198 1096 1238 1155 et
1252 1081 1473 1176 singulorum

164 1199 278 1274 fidem
304 1216 342 1273 et
364 1191 611 1271 testimonium
637 1193 894 1290 premissorum
910 1193 1095 1293 presentes
1112 1196 1250 1272 litteras
1262 1199 1470 1279 huiusmodi

165 1319 326 1392 nostram
350 1314 663 1389 confirmationem
685 1315 725 1389 in
749 1313 785 1388 se
808 1314 1043 1398 conduentes
1069 1335 1136 1408 per
1150 1313 1473 1398 smibamuostrnm

166 1429 624 1528 intersepimentum
658 1447 697 1506 er
720 1431 899 1528 publicari
922 1433 1113 1532 sigillique
1145 1433 1340 1510 vicariatus
1372 1417 1475 1534 aprr-

166 1553 254 1652 eopi
278 1549 427 1627 ecclesie
450 1546 665 1647 stillugensrs
687 1553 913 1650 appensione
934 1549 1095 1628 iuffirnus
1117 1551 1309 1626 comuniri.
1371 1557 1475 1634 Acro

165 1673 249 1749 sunt
274 1673 340 1746 her
365 1670 403 1744 in
428 1669 542 1744 domo
566 1666 804 1746 habitationis
828 1671 947 1744 nossre
967 1669 1180 1746 russulae
1189 1670 1304 1748 Anno
1316 1668 1473 1752 Domini

169 1789 363 1866 Millelinro
388 1786 746 1885 quadringentefimo
778 1787 1054 1885 quadragesimo
1079 1785 1189 1861 Nono
1221 1786 1284 1864 die
1304 1787 1477 1871 viceslmn
1606 1813 1608 1818 ·

169 1925 301 2005 quarta
325 1905 456 1982 islensis
481 1907 582 2006 Juny
606 1904 834 2002 presentibus
857 1903 995 1980 ibidem
1018 1903 1224 1980 honorabili
1247 1923 1291 1981 ac
1313 1903 1475 2001 provido

170 2028 261 2100 viris
284 2022 520 2119 JOHANNF.
545 2023 838 2100 insisteretur
874 2022 1013 2099 riesrio
1046 2021 1145 2098 chori
1179 2021 1327 2097 ecclesie
1359 2020 1474 2102 sriliu·

170 2141 290 2246 genis
317 2157 355 2214 et
384 2137 582 2236 Jacoao
608 2139 862 2220 ZWENGER
895 2141 1058 2238 opidano
1089 2139 1297 2218 monacensi
1325 2141 1476 2220 testibus

170 2262 218 2337 ad
243 2257 416 2358 premissa
441 2259 583 2338 voeatis
605 2257 745 2358 pariter
766 2277 813 2359 et
829 2259 1022 2358 requisitis.

210 2469 269 2547 ‘lit
291 2491 365 2570 ego
389 2470 652 2548 CONRADUS
679 2471 1048 2552 GERSPEWNTER
1071 2471 1246 2571 presbiter
1270 2466 1475 2570 lrylingetr·

264 2590 308 2660 sis
344 2589 495 2664 diocesis
520 2591 685 2688 publicus
708 2593 892 2689 imperiali
916 2592 1133 2670 auctoritate
1158 2589 1340 2677 notarius,
1379 2592 1478 2669 Quia

263 2704 467 2799 supradicte
491 2709 758 2785 consirmatroni
783 2713 1026 2808 omnibusque
1050 2709 1130 2786 aliis
1154 2722 1193 2780 et
1217 2705 1362 2800 singulis
1386 2710 1477 2783 dnm

263 2823 310 2898 stc
344 2840 384 2894 ut
419 2824 645 2917 premittitur
678 2826 808 2903 fierent
846 2845 885 2905 et
901 2843 1104 2927 agerentur
1140 2843 1297 2900 vnarutn
1325 2823 1512 2898 testibus·

265 2938 470 3036 prescriptis
495 2941 643 3032 presens
665 2943 814 3020 interlui
838 2966 956 3044 esque
987 2947 1033 3020 sic
1066 2944 1145 3018 lieri
1178 2940 1253 3015 vidi
1277 2955 1316 3014 et
1337 2943 1478 3020 audivi.

265 3059 428 3153 ideoque
453 3054 638 3152 presentes
662 3062 802 3137 litteras
824 3063 1025 3158 perusium
1049 3061 1195 3136 fidelem
1219 3057 1477 3136 srdelitercon·

263 3171 437 3265 seriptum
463 3195 511 3246 ex
533 3175 623 3252 inde
645 3175 786 3253 conseri
810 3179 994 3277 publicari
1025 3193 1066 3254 et
1099 3178 1139 3254 in
1162 3174 1256 3250 hanc
1290 3177 1478 3272 publicam

264 3285 421 3364 sormam
443 3289 571 3388 redegi
601 3291 789 3392 signoque
820 3311 859 3368 et
882 3297 1033 3374 nomine
1064 3293 1158 3370 meis
1191 3289 1304 3368 solitis
1327 3308 1366 3368 et
1389 3313 1477 3372 con·

266 3407 375 3481 suetis
401 3427 471 3482 vna
495 3429 579 3482 cnm
603 3411 825 3506 appensione
848 3411 964 3507 sigilli
989 3413 1182 3490 vicariatus
1206 3409 1413 3510 confignaui
1432 3413 1479 3488 ln

265 3515 378 3598 sideru
401 3539 439 3598 et
463 3525 712 3608 testimouium
735 3528 901 3609 omnium
936 3546 977 3610 et
1005 3532 1225 3633 singulorum
1254 3546 1406 3630 rogatus
1435 3539 1476 3605 et

265 3643 463 3742 requisitus.
