3264 4812
441 127 656 217 Ecclesiae
683 128 736 217 ad
758 125 814 214 D.
845 125 1070 241 Virginem.
1258 133 1262 141 ’
1324 162 1407 246 707

108 354 266 432 lantibus
290 354 325 431 in
347 355 419 430 suis
443 349 706 430 necessitatibus
729 351 946 448 prouidetur
977 371 1021 428 ac
1050 348 1139 428 alias
1167 349 1347 448 conspicit
1367 355 1407 432 in

107 449 260 524 domino
284 449 468 524 salubriter
487 448 675 542 expedire.
731 451 824 521 Sane
848 447 984 521 dudum
1008 467 1076 542 per
1099 444 1217 530 felicis
1239 449 1407 525 recorda·

106 543 218 617 tionis
245 543 582 652 lNNOCENTlUM
599 561 734 653 papatu
758 541 845 616 an
856 537 1327 709 Xredecefforemnostrunr
1346 562 1406 654 ac·

104 635 729 841 atta.aaartssrtullnnr
746 635 1406 841 stlslrtntnnnan

98 825 230 900 'drlectr
255 825 320 900 filn
346 825 489 900 Nobulrs
515 826 598 899 Vrrr
622 824 828 900 ALBERTl
851 822 1011 897 Comrtrs
1036 823 1189 898 Palatrnr
1212 824 1328 900 erens
1354 826 1405 901 al·

101 935 142 995 te
166 940 205 994 et
229 917 322 994 baffe
347 921 496 994 Bauarie
515 919 629 992 Ducis
654 916 819 992 subiectis
835 917 1066 1016 Augussenfis
1083 917 1300 1015 Maguutine
1319 919 1405 996 Pro·

101 1013 223 1088 uincie
248 1030 286 1086 et
309 1011 522 1110 srisrngensrs
546 1009 708 1087 diocesiis
724 1012 926 1110 collegiate
947 1012 1095 1086 ecclesie
1117 1011 1195 1086 sore
1211 1009 1405 1092 nosceban-

101 1123 162 1180 tur
184 1109 230 1181 ad
246 1127 335 1202 quas
352 1127 505 1203 propter
518 1106 680 1180 locorum
703 1105 905 1181 huiusmodi
925 1104 1159 1180 solitudinem
1182 1108 1289 1200 pauci
1302 1109 1403 1186 Cristi

100 1198 228 1275 fideles
251 1197 434 1274 confluere
459 1200 740 1285 consueuerant,
765 1217 804 1275 et
827 1200 876 1275 ob
901 1198 970 1273 hoc
993 1199 1148 1295 ipsarum
1174 1200 1402 1278 ecclesiarum

99 1293 277 1369 canonici
301 1309 340 1366 et
363 1291 425 1384 aiij
447 1293 486 1367 in
510 1293 563 1366 eis
588 1295 759 1390 perpetui
782 1294 1016 1380 Beneficiati,
1039 1293 1133 1367 circa
1157 1296 1403 1372 decantandas

98 1387 209 1463 horas
233 1387 426 1463 canonicus
458 1405 497 1461 et
520 1389 590 1463 alia
615 1391 739 1463 diuina
764 1384 882 1462 officia
914 1388 1003 1462 inibi
1035 1387 1250 1462 celebranda
1273 1391 1401 1464 adoro·

98 1485 187 1559 dum
211 1481 443 1579 negligentes
468 1479 504 1555 se
526 1483 810 1571 constituebant,
834 1501 878 1557 ac
901 1482 1014 1557 uitam
1038 1482 1263 1557 inhonestam
1280 1499 1318 1557 et
1333 1481 1400 1559 dis·

97 1576 253 1652 solutam
279 1577 482 1674 ducebant,
507 1580 679 1672 quodque
704 1578 785 1651 stin
805 1577 949 1671 lingulis
967 1577 1124 1650 ecclefiis
1145 1573 1297 1671 prelatis
1319 1576 1401 1654 Pre-

97 1669 281 1766 polltura,
305 1689 377 1763 que
402 1669 617 1766 principalis
641 1687 681 1744 et
705 1672 913 1746 Decanatus
937 1670 1000 1765 qui
1019 1691 1094 1743 uon
1119 1689 1243 1746 tumen
1266 1669 1401 1766 princi·

127 1766 194 1839 alis
218 1764 253 1837 di
284 1765 417 1838 uitatcs
438 1764 529 1837 inibi
553 1764 774 1843 existebant,
799 1783 837 1838 et
862 1766 900 1839 in
916 1763 1078 1858 qualibet
1093 1763 1270 1838 dictarunt
1284 1769 1400 1842 eccle-

95 1786 226 1934 garum
278 1879 336 1932 res
350 1859 595 1933 canonicatus
620 1876 658 1931 et
674 1859 829 1931 totidem
843 1858 1030 1954 prebende
1055 1857 1118 1954 qui
1140 1855 1399 1936 insuissructi-

94 1951 164 2028 bus
190 1953 392 2027 redditibus
418 1969 456 2027 et
478 1953 720 2062 prodentibus
749 1953 1013 2048 aliquantulum
1038 1967 1168 2026 tenues
1190 1967 1295 2026 erant
1319 1954 1401 2050 sup·

93 2046 341 2144 primerentur
363 2064 403 2121 et
425 2066 728 2146 extinguerentur
748 2067 789 2120 ac
804 2047 1020 2141 parochialis
1036 2045 1182 2122 ecclesia
1196 2044 1306 2122 beate
1319 2049 1399 2123 Ma·

94 2140 152 2216 rie
176 2140 341 2238 Virginis
361 2142 425 2216 lita
455 2141 494 2216 in
517 2142 646 2236 insigni
670 2140 796 2251 Opido
823 2139 1038 2217 MONACO
1064 2158 1277 2235 nuncupato
1299 2139 1399 2220 dicte

93 2233 310 2331 ffinugenns
335 2236 505 2326 diocesis,
529 2238 724 2331 temporalr
739 2235 903 2310 dominio
926 2234 1083 2309 ciusdem
1097 2232 1210 2307 Ducis
1223 2233 1399 2331 subiecto,

95 2343 137 2402 et
161 2329 199 2400 in
226 2349 300 2424 quo
323 2326 487 2425 prefatus
514 2331 599 2405 Dux
625 2331 720 2406 suam
746 2330 972 2404 residentiam
996 2325 1115 2402 secere
1140 2325 1394 2422 consueuerat,

93 2441 169 2519 que
181 2419 380 2533 admodum
405 2425 577 2533 notabilis
601 2423 748 2534 ecclesus
772 2425 1028 2521 reputabatur,
1053 2439 1092 2496 et
1116 2423 1163 2496 de
1180 2421 1397 2530 inrepatro·

89 2517 1397 2720 aaballtrllltnabsant”ult2⁰2lltlll5rsnllltsll:

90 2724 196 2782 nane
221 2705 385 2781 Ducibus
409 2708 657 2806 requiescebat
679 2704 831 2805 ipseque
855 2704 1102 2781 ALBERTUS
1130 2703 1219 2780 Dux
1243 2722 1395 2802 propter

90 2798 284 2896 spetialem
308 2803 545 2878 deuotionetn
575 2823 685 2894 quarn
711 2802 760 2877 ad
783 2800 883 2876 illam
908 2798 1068 2875 habebat
1098 2796 1197 2873 suam
1227 2798 1319 2874 inibi
1343 2800 1396 2876 se·

86 2895 276 2991 pulturarn
300 2896 525 3004 elegeratis
548 2897 791 2995 collegiatam
815 2893 1001 2969 eccledam
1026 2913 1107 2970 cum
1132 2894 1154 2966 ll
1176 2893 1247 2988 ,illo
1271 2892 1397 2972 Arche

86 2988 237 3064 comuni
260 3007 300 3062 et
323 2991 402 3082 sliJs
426 2990 683 3086 Collegialibus
706 2989 893 3087 insigniis,
923 3004 961 3065 et
991 2987 1029 3063 in
1060 3006 1105 3064 ea
1164 3005 1212 3062 na
1235 2987 1396 3086 l'teposi-

87 3100 172 3159 tura
196 3081 408 3179 principalis
432 3105 471 3158 et
497 3086 597 3158 Unus
624 3087 832 3162 Decsnatus
856 3099 1070 3159 nontamen
1085 3080 1395 3195 principulisdig·

83 3176 282 3252 nitatcsad
305 3178 413 3287 instar
426 3177 709 3277 Collegiuturum
734 3178 962 3288 eeclesiarum
986 3177 1128 3253 illarum
1146 3195 1312 3344 gernum
1326 3199 1397 3289 eng

44 3329 49 3335 .
84 3291 262 3440 ᾖεῐεηςᾳτ
276 3287 316 3347 et
326 3273 597 3381 instruerentur
608 3295 749 3360 necnon
764 3273 1012 3382 Canonrcstus
1024 3289 1065 3345 et
1080 3291 1147 3367 pre
1173 3268 1268 3380 ende
1282 3269 1395 3348 lunen
1520 3365 1521 3374 Ν

127 3366 250 3440 dalrrcr
276 3384 315 3439 et
338 3364 450 3441 sanctu
475 3365 611 3462 Arsacy
634 3368 1121 3461 ecclcfiammpretlrctarum
1135 3364 1293 3532 ᾳυξέοῆ
1311 3363 1394 3464 sup·

84 3457 305 3628 gucilionem
329 3457 536 3536 huiusmodi
563 3461 767 3538 Duodecim
793 3461 1038 3566 canonicatus
1069 3474 1108 3533 et
1130 3473 1200 3567 tots

114 3555 210 3629 ende
233 3549 345 3629 essent
370 3576 510 3630 necnon
524 3553 703 3632 Canonici
728 3556 814 3630 illos
834 3557 1046 3630 obtinentes
1068 3553 1116 3628 ad
1145 3552 1281 3627 drctam
1305 3572 1393 3633 tunc

84 3648 616 3821 {riigaendaureecglefianruisso
632 3648 1013 3819 aracillilmlfimpfiiiar
1022 3645 1392 3816 buirneliciriuteuoeleffl'

84 3763 174 3916 cuin
196 3761 367 3915 &arsibili
387 3765 516 3920 eei'r'uu‘r
538 3839 646 3921 bouis
662 3763 1072 4010 1lJructibutsnijeedtiiiiibeus
1094 3763 1392 4010 “zmffiiffi

708 3958 798 4016 auu
824 3962 847 4016 2

1228 3478 1288 3533 eru
1310 3480 1393 3557 pro·
