3264 4812
170 395 252 480 700
499 353 757 441 continuatio
786 351 1146 442 Mouttuteutorum

171 588 229 696 pis
254 583 492 662 deuotionem
524 596 563 654 et
594 578 820 676 personalem
852 577 1079 654 residentiam
1110 577 1156 654 ad
1189 575 1312 655 diuina
1345 581 1474 658 olsrcia

172 679 264 755 mibi
289 682 424 752 deuote
454 693 492 750 et
515 676 746 750 laudabiliter
770 676 984 749 celebranda
1009 673 1259 767 diligentiores
1288 692 1327 749 ct
1350 693 1475 751 atten-

172 776 283 847 tiores
318 772 555 843 redderentur
588 791 636 848 ex
670 789 743 864 quo
784 768 930 841 diuinus
969 769 1085 841 cultus
1126 789 1209 842 curu
1244 769 1371 863 populi
1407 773 1476 844 de·

172 866 323 939 uotione
347 863 436 936 inibi
469 862 665 957 plurimum
694 878 890 958 augeretur
917 861 1029 956 idque
1059 856 1105 935 ad
1128 859 1350 954 spiritualem
1387 884 1479 937 corr·

171 959 386 1034 solationem
417 957 543 1050 populi
577 955 736 1029 eiusdem
777 953 891 1048 Opidi
924 973 967 1028 ae
999 954 1199 1028 animarum
1232 956 1383 1030 salutem
1414 978 1478 1028 ce·

173 1055 277 1127 deret
310 1049 472 1142 prelatus
512 1068 659 1144 quoque
698 1049 784 1120 llux
823 1047 957 1120 sructus
991 1048 1153 1122 redditus
1195 1064 1234 1121 et
1275 1066 1478 1143 prouentus

174 1143 299 1221 Mense
310 1141 532 1239 capitularis
557 1141 653 1216 dicte
677 1137 851 1234 erigetlde
866 1141 1012 1214 ecclesie
1037 1142 1207 1215 continue
1230 1160 1478 1239 augmentare

173 1239 332 1312 {luderet
355 1234 543 1329 ipsamque
567 1235 780 1328 erigendam
798 1236 982 1308 ecclesiam
1008 1234 1210 1329 [trittilegijs
1234 1251 1273 1308 et
1298 1237 1476 1309 libertati·

174 1331 241 1406 bus
266 1327 463 1406 honorilice
488 1331 675 1401 decoraret
712 1327 785 1400 Nos
817 1328 930 1424 igitur
964 1332 1026 1423 qui
1051 1331 1222 1404 decorent
1246 1332 1377 1402 domus
1402 1328 1479 1401 Dei

175 1443 218 1502 ae
240 1422 354 1499 diuini
376 1423 492 1494 cultus
517 1437 756 1512 augmentum
781 1420 922 1497 sinceris
942 1423 1134 1514 llesrderijs
1158 1416 1369 1495 asl'ectamus
1393 1441 1479 1515 pre·

175 1516 292 1594 satum
319 1513 581 1590 ALllEll'sUll
612 1518 751 1589 llucenn
779 1515 801 1588 a
831 1515 1101 1612 quibuscunque
1125 1513 1478 1591 excomunicationis

175 1608 409 1705 suspensionis
425 1624 462 1681 et
485 1607 669 1680 interdicti
693 1608 841 1702 aliisque
855 1611 1093 1683 ecclesiasticis
1117 1608 1303 1699 sententiis
1321 1607 1481 1682 censuris

178 1723 217 1780 et
240 1703 345 1799 penis
371 1703 393 1774 sl
415 1701 492 1773 iure
518 1702 575 1772 uel
600 1701 646 1773 ab
671 1700 819 1774 lronriue
836 1705 962 1797 quauis
987 1705 1173 1777 occasione
1198 1705 1257 1776 uel
1281 1701 1384 1775 eausa
1394 1701 1481 1774 latis

175 1799 334 1892 siquibus
351 1793 630 1889 quomodolibet
654 1794 848 1868 innodatus
874 1797 994 1870 existit
1008 1800 1055 1870 ad
1073 1794 1242 1870 ellectum
1257 1795 1483 1890 presentium

176 1893 353 1964 duntaxat
379 1887 673 1980 consequendum
699 1891 825 1960 lrarutn
850 1889 938 1962 serie
961 1889 1188 1963 absoluentes
1213 1907 1252 1963 et
1276 1887 1482 1961 absolutum

178 1981 257 2058 sore
281 1980 467 2055 censentes
500 1999 602 2052 motu
628 1981 777 2075 proprio
802 2001 875 2055 non
905 1985 951 2055 ad
979 1982 1087 2077 ipsius
1112 1983 1223 2056 Ducis
1247 1983 1308 2055 uel
1332 1982 1482 2056 alterius

179 2097 249 2172 pro
281 2096 328 2149 eo
363 2074 469 2148 nobis
500 2072 605 2166 super
638 2074 862 2148 nocopante
923 2075 1084 2148 etitionis
1116 2077 1323 2151 instantiam
1348 2072 1409 2150 sed
1431 2074 1483 2147 de

179 2170 297 2244 nostra
322 2185 422 2242 mera
445 2166 662 2240 liberalitate
683 2167 720 2241 in
744 2167 854 2242 sancti
919 2170 1042 2242 dalrici
1067 2185 1106 2242 et
1129 2169 1240 2243 salicti
1267 2165 1401 2255 Arsacij
1423 2187 1485 2240 ec·

180 2263 297 2350 clelijs
320 2259 493 2356 predictis
517 2256 760 2353 Preposrturas
785 2280 823 2333 et
848 2262 1055 2336 Decanatus
1081 2263 1242 2358 prelatos
1267 2278 1306 2334 et
1330 2277 1370 2333 ut
1400 2261 1486 2334 Pte-

180 2355 316 2452 posrtus
344 2354 509 2427 Decanus
532 2371 572 2426 et
594 2353 770 2428 canonici
801 2353 839 2428 in
871 2355 968 2428 dicta
992 2357 1166 2450 erigenda
1196 2355 1343 2428 ecclelia
1367 2353 1485 2445 depu-

182 2450 282 2524 tandi
296 2446 478 2520 honestius
503 2445 625 2518 uiuere
650 2463 689 2518 et
703 2465 814 2520 onera
838 2447 891 2520 eis
918 2450 1162 2522 incumbentia
1187 2442 1487 2523 saciliussuls'erte

181 2543 330 2616 ualeant
352 2540 391 2612 in
415 2538 577 2632 qualibet
602 2538 712 2613 sancti
729 2541 889 2614 Vdaltici
913 2559 951 2615 et
976 2543 1083 2616 soracti
1103 2541 1235 2635 Arsacy
1251 2539 1486 2614 ecclesiarum

183 2635 428 2731 predictarum
453 2631 543 2704 Tres
560 2633 802 2706 canonicatus
827 2653 865 2707 et
890 2636 1044 2708 totidem
1069 2637 1274 2726 prebendas
1300 2653 1392 2722 quos
1408 2631 1489 2726 pri·

184 2748 248 2803 mo
272 2746 339 2820 per
362 2719 494 2798 cellum
518 2724 576 2797 uel
603 2723 780 2799 decessum
804 2727 886 2800 illos
911 2725 957 2801 ad
981 2729 1127 2822 presens
1149 2727 1395 2802 obtinentium
1421 2745 1490 2801 ua·

184 2841 267 2895 care
291 2819 486 2909 contigerit
510 2839 558 2890 ert
581 2837 677 2892 nunc
700 2821 788 2891 alias
818 2835 942 2895 tamen
967 2824 1099 2916 absque
1123 2821 1323 2914 pteiudicio
1350 2820 1489 2914 Prepo·

184 2915 308 2988 fisurus
337 2914 542 2984 llecanntus
566 2929 608 2984 ae
632 2913 874 2986 canonicatus
905 2931 944 2986 ct
976 2918 1180 3009 prebendas
1206 2913 1411 2987 huiusmodi
1435 2913 1489 2988 ad

185 3005 330 3102 presens
343 3004 586 3078 obtinentium
611 3006 732 3098 quoad
747 3005 1131 3084 uiuerintauctoritate
1144 3009 1340 3105 apostolica
1354 3023 1489 3079 tenore

187 3098 406 3196 presentium
422 3113 603 3190 perpetuo
628 3097 774 3191 penitus
798 3096 1054 3192 supprimimus
1078 3120 1117 3175 et
1142 3099 1402 3195 extinguimus,
1417 3121 1491 3175 nee
1613 3105 1616 3140 ³

187 3213 263 3269 non
288 3187 465 3282 presatam
489 3190 672 3262 ecclesiam
698 3192 805 3265 beate
831 3193 945 3266 lllatie
970 3193 1009 3268 in
1034 3195 1273 3285 collegiatam
1298 3193 1491 3268 ecclesiam

190 3305 273 3360 cunr
289 3285 403 3377 sigillo
428 3299 467 3356 et
487 3285 610 3358 Arclra
634 3285 914 3359 comunibusoc
937 3286 1016 3376 alijs
1041 3287 1300 3388 collegialibus
1323 3285 1491 3379 insigniis

189 3401 257 3453 nec
282 3399 354 3451 uon
379 3378 416 3450 in
440 3396 484 3449 ea
510 3375 630 3450 Vnam
656 3377 915 3472 Prepolituram
942 3380 1180 3477 principalem
1205 3401 1274 3488 pro
1297 3380 1380 3451 Uno
1405 3381 1491 3452 Pre-

188 3473 307 3564 posrto
332 3471 395 3566 qni
421 3486 528 3564 caput
554 3471 711 3563 capituli
736 3471 884 3557 existat,
907 3491 950 3545 ae
975 3476 1277 3567 peretuinentram
1295 3473 1333 3546 in
1353 3475 1491 3546 eadem

192 3565 338 3640 ecclelia
362 3583 471 3657 prout
496 3564 628 3636 liabent
654 3563 825 3658 Propostti
849 3567 998 3639 aliarum
1014 3569 1299 3661 collegiatarum
1325 3565 1493 3639 ecclesia·

193 3681 272 3734 rum
296 3659 436 3730 illarum
466 3656 622 3748 partium
649 3657 780 3730 habeat
805 3675 844 3728 et
870 3659 987 3732 Unum
1015 3663 1239 3733 Deoarratum
1265 3676 1492 3732 nontamen

194 3751 434 3848 principalem
459 3749 546 3822 inibi
570 3751 767 3838 dignitates
797 3769 865 3841 pro
891 3773 962 3824 uuo
988 3753 1137 3826 Decauo
1162 3753 1321 3827 dumodo
1345 3773 1394 3823 ex
1419 3753 1492 3827 hoe

195 3845 300 3921 alicui
316 3842 551 3936 preiudiciom
576 3843 662 3915 alins
689 3864 761 3916 non
786 3843 848 3916 liat
872 3846 1086 3918 auctoritate
1110 3867 1149 3919 et
1166 3863 1294 3918 tenore
1312 3843 1491 3938 premillis

195 3939 367 4027 eluimus
391 3953 428 4009 et
452 3937 666 4010 instituimus
690 3958 731 4009 ac
755 3939 997 4011 canonicatus
1021 3957 1060 4010 et
1084 3941 1289 4035 prebendas
1312 3940 1493 4015 dictatum

195 4032 309 4108 sancti
336 4030 490 4106 Udaltici
514 4048 552 4108 et
575 4031 684 4107 l'aucti
698 4029 834 4123 Arsacis
854 4032 1080 4112 ecclesiarum
1102 4032 1167 4130 qui
1192 4033 1382 4130 postquam
1409 4029 1492 4202 slop-

1351 4145 1418 4224 pre
1432 4167 1448 4182 ·
