3302 4740
167 485 245 568 302
517 451 776 538 Continuatio
805 446 1163 537 Mornumentorum

163 677 376 775 frequenter
410 687 557 771 peracte
587 672 829 747 Nihilominus
862 689 981 744 tumen
1015 669 1115 744 ldcm
1141 673 1269 748 Altnre
1300 681 1463 758 nondum

166 800 419 874 confirmatum
447 795 614 866 existeret
644 797 758 885 Super
781 812 855 884 quo
880 787 1042 884 prelatus
1067 793 1238 888 Magister
1263 795 1464 876 Vllllcus

169 936 345 1015 quatenus
370 912 576 985 huiusmodi
607 909 833 983 dotationem
860 927 897 979 et
922 905 1172 986 sundntionem
1207 913 1377 1013 milleque
1407 924 1463 995 lu-

166 1035 391 1111 ssitutionem
406 1029 683 1102 Orilinutioucm
704 1043 741 1099 et
757 1025 1026 1120 dispositionem
1052 1050 1134 1101 cum
1158 1032 1244 1106 iude
1258 1035 1386 1111 secutis
1407 1043 1467 1114 ad·

47 1147 49 1154 ’
163 1155 311 1230 mittere
336 1168 374 1224 et
398 1173 444 1221 es
468 1148 746 1240 specialissimis
767 1165 809 1218 ac
828 1163 927 1218 certa
946 1147 1064 1220 nostra
1082 1145 1229 1223 scientia
1250 1155 1468 1233 confirmare

166 1275 400 1370 dignoremur
425 1265 607 1338 liniuilirer
631 1263 847 1359 supplicarit
882 1264 957 1337 Nos
983 1286 1072 1338 vero
1103 1271 1333 1346 attendentes
1366 1283 1467 1370 qnod

165 1392 237 1489 pijs
262 1385 441 1476 desiderijs
475 1407 548 1457 nou
582 1383 632 1455 est
657 1383 893 1478 ileuegunilus
917 1377 1069 1455 ulsciisns
1107 1401 1145 1458 et
1171 1408 1242 1483 que
1267 1393 1332 1486 pie
1356 1416 1468 1492 etque

165 1511 300 1583 deuote
326 1517 393 1602 pto
409 1505 608 1577 uiiimmum
626 1500 738 1574 lnlnte
754 1517 791 1571 et
807 1500 969 1573 remedio
995 1523 1146 1597 quorum
1166 1529 1286 1582 curum
1307 1517 1468 1608 gerimus

165 1627 333 1721 disposita
358 1642 397 1696 et
420 1621 587 1695 ordinata
611 1619 690 1692 suut
721 1639 789 1714 pro
814 1633 854 1691 ut
887 1621 991 1692 uobis
1015 1622 1193 1698 incumbit
1217 1649 1470 1731 quantumque

165 1767 248 1823 cuin
274 1743 343 1817 deo
369 1736 551 1838 possumus
575 1739 611 1810 in
636 1736 698 1810 suo
723 1738 851 1828 vigore
875 1755 913 1810 et
938 1739 1109 1817 lirmi'tate
1133 1744 1384 1824 conseruemus
1415 1773 1469 1830 at·

167 1889 240 1966 que
265 1860 534 1938 consonenmus.
595 1857 757 1948 ideoque
782 1855 886 1928 huius
910 1858 1009 1930 modi
1035 1863 1263 1940 dotationem
1288 1866 1469 1948 fundatio·

164 2007 251 2064 nem
275 2004 317 2058 nc
341 1977 583 2076 presbiterum
607 1971 666 2046 seu
691 1973 878 2067 Capeliani
903 1995 942 2049 et
966 1974 1064 2052 mille
1087 1981 1224 2056 ibidem
1258 1985 1469 2084 frequenter

167 2102 384 2179 celebrande
410 2095 672 2171 institutionem
692 2093 1035 2192 ordinationemque
1054 2116 1093 2173 et
1112 2097 1380 2198 dispositionem
1407 2115 1471 2191 bo·

166 2243 298 2300 norum
332 2233 371 2290 et
404 2237 523 2289 rernm
556 2213 745 2286 mobilium
776 2229 814 2284 et
846 2213 1090 2290 immobilium
1124 2241 1166 2296 ac
1190 2227 1398 2305 reddituum
1431 2255 1470 2311 et

168 2339 347 2417 censuum
373 2335 419 2409 cd
444 2333 580 2407 dictum
599 2333 724 2407 liltore
749 2333 879 2428 quouis
895 2331 1006 2407 modo
1030 2333 1270 2430 spectantium
1286 2350 1470 2427 tumiude

166 2458 298 2537 secutis
322 2470 431 2548 prout
454 2447 686 2525 laudabiliter
709 2451 767 2524 leti
793 2453 861 2527 rite
885 2469 923 2527 et
946 2453 1035 2529 iulle
1058 2456 1154 2532 sucta
1177 2461 1277 2556 gella
1303 2470 1472 2552 ordinatu

168 2577 337 2675 disposite
369 2589 407 2643 et
440 2563 587 2664 polscssa
617 2569 697 2640 suut
728 2571 991 2648 confirmandas
1023 2571 1192 2650 duximus
1226 2601 1269 2655 nc
1299 2607 1346 2658 ex
1371 2611 1470 2669 certa

168 2701 288 2778 uollrn
313 2690 461 2768 scientia
494 2706 623 2762 tenore
647 2686 867 2783 presentium
889 2692 1144 2764 confirmanius
1168 2710 1206 2767 et
1230 2698 1376 2798 iusuper
1397 2709 1469 2807 Jus

151 2831 385 2917 ‚patronatus
410 2810 470 2884 len
493 2808 721 2904 presentnnili
753 2810 800 2884 ad
825 2809 961 2884 dictum
986 2811 1114 2884 Altare
1138 2817 1379 2906 presbiterum
1410 2830 1471 2908 seu

167 2937 347 3015 clei-icum
372 2932 554 3024 ydoneum
580 2949 647 3022 per
671 2950 737 3000 nos
762 2944 826 3002 aut
850 2930 1089 3004 demandato
1114 2934 1234 3011 nostro
1256 2940 1316 3016 seu
1339 2946 1471 3026 succes.

169 3057 288 3132 sorum
303 3050 503 3124 nostrorum
515 3043 667 3139 desuper
681 3045 937 3118 instituendum
954 3044 1098 3141 prefato
1109 3051 1279 3144 Magistro
1291 3062 1469 3145 VLRlCO

171 3195 293 3249 cornin
318 3170 424 3245 uobis
447 3169 493 3240 de
517 3165 594 3238 uita
618 3184 836 3258 morumque
859 3165 1048 3241 honestate
1070 3187 1107 3242 et
1126 3171 1272 3248 seientia
1296 3185 1472 3284 multipli.

171 3295 263 3370 citer
273 3291 495 3364 comendeto
511 3287 622 3361 etium
640 3285 687 3357 ob
702 3286 916 3360 meritorum
931 3286 1072 3359 luorum
1086 3286 1257 3368 intuitum
1268 3296 1471 3393 specialiter

172 3431 211 3489 et
237 3405 400 3506 exprell'e
423 3427 464 3478 nc
488 3429 535 3476 ex
555 3405 664 3500 simili
690 3405 806 3478 nullia
832 3425 933 3479 certa
957 3404 1103 3480 scientia
1126 3408 1348 3491 reseruemus
1384 3428 1473 3506 dan.

171 3552 227 3608 tes
252 3550 289 3603 et
314 3527 559 3602 concedentes
583 3522 702 3595 eidem
720 3523 890 3619 Magistro
913 3525 1091 3600 VLlllCO
1114 3530 1263 3623 plenem
1287 3555 1332 3610 ac
1355 3549 1471 3622 omni.

173 3653 323 3732 modam
347 3643 566 3739 potestatem
589 3658 629 3716 et
645 3641 903 3716 authoritatem
924 3646 1150 3740 temporibus
1168 3652 1242 3725 vite
1255 3641 1317 3732 sne
1339 3668 1471 3756 etpost

173 3772 290 3868 ipsum
316 3781 494 3864 perpetuo
520 3762 596 3834 eius
620 3759 904 3855 proximioribus
924 3763 1197 3863 consenquineis
1221 3772 1282 3849 seu
1305 3780 1491 3861 successo·¹

175 3894 275 3971 ribus
309 3887 421 3960 etium
454 3879 638 3954 extraneis
670 3896 745 3954 tem
777 3883 1018 3957 ecclefiunieis
1054 3907 1163 3982 quam
1189 3888 1404 3974 secularibus
1433 3906 1472 3984 iii

177 4030 288 4110 quem
312 4005 371 4078 seu
396 4023 487 4098 quos
509 3999 586 4094 ipse
611 3999 781 4098 Magister
800 3999 1001 4078 VLRICUS
1026 4007 1233 4087 huiusmodi
1255 4015 1325 4110 Jus
1349 4039 1473 4116 patro.

177 4145 284 4208 nntur
304 4121 495 4204 transferre
509 4119 567 4198 seu
585 4118 837 4204 transfundere
852 4137 915 4202 aut
929 4125 1065 4206 dorinre
1079 4131 1238 4210 uoluerit
1260 4137 1358 4234 quod
1380 4143 1469 4216 simi·

1345 4259 1428 4336 liter
