3298 4738
512 415 726 510 Ecclesiae
754 419 803 504 ad
829 413 886 504 D.
916 415 1140 525 Virginem.
1373 453 1454 538 203

90 603 93 608 Ι
156 644 328 724 tellaria
350 635 504 740 virginii
518 634 665 714 Monaci
689 637 898 736 accepimus
920 655 995 711 non
1018 637 1107 713 rolli
1130 639 1460 738 ipumptrrochia·

155 767 195 844 ni
220 784 291 860 pro
321 755 468 858 speciali
496 753 720 833 sacratissimi
752 753 916 853 corporis
940 754 1113 831 dominici
1138 762 1374 836 veneratione
1398 763 1460 840 de·

156 881 257 958 voti·
279 877 411 959 animis
434 877 670 961 ordinarnnt,
693 875 792 968 quod
817 875 1013 968 deinceps,
1042 895 1129 948 cum
1151 878 1360 953 venerabile
1383 903 1460 958 cor·

16 1051 21 1060 .
144 1000 262 1100 ‚potia
295 995 470 1072 dominici
500 998 772 1070 sacromentum
802 991 840 1066 in
873 992 970 1067 dicta
1003 994 1192 1088 parrochia
1219 998 1267 1071 ad
1296 997 1460 1075 infirmor

158 1113 356 1208 contigerit
379 1109 565 1208 deportari
588 1125 746 1201 quatuor
767 1111 930 1186 scolares
973 1111 1243 1208 inperpeliciati
1284 1137 1367 1192 cum
1401 1138 1459 1195 ac·

160 1233 274 1312 ceolla
297 1231 459 1307 candelis
483 1247 523 1305 ct
546 1229 655 1324 iplius
678 1227 829 1303 ecclesie
851 1229 964 1304 culloa
990 1248 1143 1306 vuacum
1168 1233 1363 1309 Sacerdote
1386 1236 1460 1312 dic-

161 1371 242 1427 tum
264 1348 474 1426 venerabile
496 1350 768 1423 Sacramentum
793 1344 983 1423 deserente
1005 1348 1172 1436 transire,
1203 1363 1242 1424 ct
1266 1348 1460 1444 hystoriam

163 1472 212 1546 de
234 1471 399 1563 Corpore
422 1464 550 1542 christi
575 1465 613 1540 iu
637 1464 749 1539 Exitu
778 1479 816 1538 et
838 1462 960 1539 reditu
988 1479 1131 1566 attente
1152 1464 1309 1543 debeant
1331 1465 1462 1548 decan·

164 1602 263 1674 tare,
286 1585 458 1658 Exhibita
480 1583 594 1680 igitur
618 1580 725 1655 nobia
746 1601 816 1676 per
839 1583 997 1657 eundem
1016 1584 1171 1659 Ecclcfic
1187 1585 1380 1662 Rectorem
1398 1610 1465 1683 pe·

163 1704 249 1778 titio
275 1700 508 1787 continebar,
533 1713 715 1794 qnatenur
739 1698 1006 1776 Proccsrionrm
1031 1701 1077 1776 ad
1102 1703 1359 1778 Reverentiam
1373 1705 1466 1780 Cor-

165 1819 268 1916 poris
292 1819 435 1900 chdssl.
459 1819 606 1913 quoties
631 1817 678 1890 de
692 1816 845 1889 Ecclesia
868 1819 917 1890 ad
940 1816 1164 1895 infirmorum
1188 1828 1336 1901 domoc,
1361 1821 1467 1900 iuxta

167 1938 282 2014 ritum
304 1937 427 2011 sancte
451 1933 581 2010 mrem
606 1929 753 2006 ecclesie
781 1929 943 2010 desertor
974 1935 1119 2011 noviter
1148 1953 1188 2012 ut
1218 1939 1468 2032 premittitur,

9 2129 10 2138 r
167 2055 455 2134 nonnullorum
479 2047 611 2127 affectu
635 2051 850 2125 deuotorum
882 2069 1035 2144 argente
1066 2053 1303 2144 inchoatam,
1335 2057 1469 2132 oonnc·

170 2193 292 2252 mure.
315 2170 523 2267 approbare
547 2188 586 2243 et
606 2167 827 2244 auctoritate
849 2170 967 2246 nostru
991 2171 1169 2248 ordinaria
1183 2171 1377 2248 admittere
1389 2178 1468 2272 dig.

169 2309 359 2378 naremur,
391 2285 469 2361 Nor
501 2285 615 2378 igitur
644 2285 898 2376 attendentes,
935 2288 1177 2384 quodetiam
1208 2291 1470 2372 dominumin

8 2413 9 2418 '
171 2409 303 2486 sanctie
327 2402 396 2481 suis
420 2405 588 2480 venerari
613 2419 652 2477 et
674 2398 821 2478 laudare
844 2423 908 2478 ore
933 2408 1150 2504 prophetico
1174 2407 1365 2500 iubemur,
1386 2433 1471 2490 cum

8 2557 9 2564 ι
171 2527 214 2602 sit
236 2524 354 2624 gloria
376 2523 580 2599 sanctorum
605 2521 770 2597 omnium
793 2535 833 2595 et
850 2523 995 2596 corona
1018 2526 1081 2619 qui
1101 2525 1212 2600 etiam
1227 2527 1274 2600 ud
1289 2527 1471 2624 pietatem

172 2640 482 2720 exercitationum
504 2641 664 2716 inuitans
686 2637 830 2733 inquit,
855 2639 952 2733 quod
979 2641 1040 2714 nni
1064 2664 1112 2715 ex
1135 2643 1294 2716 minimis
1313 2643 1473 2721 melise-

176 2761 288 2847 eillis,
312 2759 404 2833 mihi
428 2754 584 2845 fecistis,
609 2770 748 2854 quanto
762 2756 880 2854 magis
894 2757 1104 2832 devotionis
1119 2761 1249 2832 ardore
1261 2779 1348 2855 erga
1363 2763 1473 2858 ipliua

174 2881 320 2954 laudem
345 2876 665 2972 venerationisque
689 2871 901 2970 obsequium
920 2895 986 2947 noa
1009 2872 1104 2949 allici
1120 2891 1295 2971 oportet,
1318 2879 1380 2972 qui
1397 2899 1474 2956 car·

177 3018 264 3072 nem
288 2995 385 3069 suam
408 2993 514 3067 nobie
539 2992 580 3067 in
604 2991 764 3066 edulium
787 3006 828 3064 et
849 2990 1057 3088 sanquinem
1086 2992 1185 3066 suum
1208 2993 1409 3088 preciosum
1435 2998 1477 3073 in

175 3131 309 3210 potum
332 3127 486 3206 paterna
508 3109 710 3184 traditione
733 3108 860 3183 tribuit
884 3127 922 3184 et
947 3109 1008 3182 suo
1033 3131 1099 3181 noa
1121 3110 1284 3202 precioso
1302 3110 1475 3212 sanguine

186 3227 368 3302 liberalior
391 3224 560 3302 redemit.
605 3225 875 3300 Procesrionem
899 3224 1023 3320 itaque
1048 3241 1088 3297 ut
1111 3224 1303 3321 praefertur
1324 3233 1479 3324 prouida

179 3341 639 3438 deliberationcinceptam
656 3361 738 3415 cnm
751 3343 919 3415 omnib-nr
941 3340 1145 3415 redditibua
1161 3345 1209 3417 ad
1226 3347 1380 3422 eandem
1393 3371 1477 3443 pro·

179 3484 276 3541 nnnc
300 3459 475 3536 ordinatis
500 3461 560 3532 seu
583 3459 683 3534 etin
707 3460 869 3537 sutorum
893 3458 1101 3572 ordinandir
1119 3463 1335 3539 auctoritate
1358 3467 1478 3547 nollra

179 3578 360 3678 prelibata
383 3576 527 3675 approb
552 3595 632 3648 mus
661 3577 880 3654 ratificamus
915 3595 954 3652 et
987 3573 1254 3652 confirmamur.
1318 3581 1365 3656 Et
1389 3585 1476 3682 quin

180 3698 283 3796 quod
306 3695 417 3770 semel
438 3695 509 3766 deo
532 3694 740 3768 dedicatum
772 3697 823 3770 est
847 3698 1003 3793 amplior
1029 3699 1076 3770 ad
1108 3695 1286 3770 humanos
1310 3698 1388 3771 usur
1411 3721 1477 3794 ap·

180 3813 312 3914 pliceri
334 3833 408 3888 non
437 3809 566 3890 debet.
603 3811 693 3886 ldeo
718 3812 887 3888 universa
917 3831 956 3887 et
989 3811 1133 3913 unguis
1165 3813 1284 3887 nollre
1316 3817 1475 3909 dyoccnc

179 3931 376 4013 nomnium
389 3927 636 4025 cuiuscunque
659 3929 880 4006 condicionis
896 3929 1086 4026 potedu'tir
1102 3928 1302 4005 eminentie
1317 3933 1371 4005 uel
1397 3931 1479 4029 dig·

183 4051 308 4134 nicode
329 4047 463 4130 luerint
484 4047 525 4126 in
549 4046 686 4130 uirtute
707 4047 828 4126 sunere
853 4047 1063 4126 obedientie
1086 4065 1126 4127 et
1142 4047 1206 4125 sub
1220 4049 1480 4128 Excomunica-

791 4169 899 4247 Cea
1100 4235 1107 4242 .
1366 4168 1436 4244 tio·
