3242 4760
439 393 657 488 Ecclesiae
685 393 732 484 ad
758 389 815 482 D.
846 393 1070 508 Virginem.
1347 428 1400 510 55

105 625 257 701 statuere
291 637 330 700 et
363 622 539 698 mandare
572 619 619 693 dc
655 616 887 716 benignitate
920 618 1116 715 apostolica
1153 619 1398 720 dignaremur.

105 744 177 820 Nor
189 741 304 844 igitur
325 739 532 830 huiuamodi
557 734 790 814 affectionem
803 738 947 814 Ducum
974 755 1013 815 et
1036 739 1236 815 incolarum
1260 739 1399 838 predic·

104 878 216 938 torum
248 861 446 958 plurimum
472 859 510 934 in
535 857 699 932 Domino
723 857 1043 937 commendantes,
1076 857 1282 950 hujusmodi
1313 883 1399 959 aup-

102 981 356 1080 plicationibur
380 979 562 1066 inclinati,
587 977 805 1052 anctoritate
822 977 1019 1073 apostolica
1033 996 1163 1054 tenore
1179 980 1400 1077 presentium

101 1119 282 1198 perpetuo
307 1102 493 1178 statuimur
515 1098 641 1174 edicto
666 1114 705 1172 et
728 1098 842 1174 etiam
874 1099 1111 1187 ordinamur,
1153 1118 1197 1176 ac
1228 1100 1399 1176 universis

104 1239 141 1293 et
161 1219 308 1314 lingulis
331 1220 502 1307 scalaris,
540 1216 782 1308 Rectoribur,
813 1215 1016 1314 Capitulis,
1050 1217 1212 1316 personir
1235 1236 1274 1294 et
1296 1221 1399 1296 mini-

104 1337 176 1415 lirir
205 1337 413 1432 hujusmodi
446 1338 674 1415 ecelesiarum
706 1336 780 1410 five
805 1335 991 1412 seculares
1024 1339 1097 1414 live
1119 1341 1302 1435 regusarer
1325 1337 1401 1416 iue-

105 1461 193 1540 riut‚
216 1460 484 1556 quorumlibet.
518 1457 692 1532 videlicet
715 1457 899 1538 locorum,
929 1457 1144 1545 calirorunr,
1169 1459 1335 1538 villarum
1361 1484 1405 1539 ac

106 1579 299 1656 Terrarum
322 1581 441 1677 patrie
454 1577 624 1674 predicte
648 1577 688 1650 in
707 1576 843 1651 virtute
858 1581 989 1652 Sancte
1012 1575 1227 1682 obedientie
1247 1578 1406 1658 districte

102 1702 339 1797 precipiendo
373 1701 606 1774 mandamus,
631 1694 801 1792 quatinus
825 1697 871 1770 de
895 1714 1021 1770 cetero
1045 1695 1235 1793 perpetuis
1258 1713 1403 1795 tempo·

107 1822 200 1896 tibur
232 1820 271 1892 in
309 1819 449 1892 eisdem
486 1815 647 1891 Eccseliia
682 1809 742 1887 seu
777 1816 1050 1910 campanilibus
1088 1817 1217 1892 diebus
1249 1834 1287 1892 et
1317 1817 1407 1897 hora

106 1938 313 2029 hujusmodi
343 1959 412 2032 pro
443 1938 531 2014 Ave
566 1935 681 2010 Maria
705 1937 910 2027 campanar
942 1935 1084 2033 pulsare
1115 1935 1274 2012 debeant
1303 1938 1407 2031 juxta

7 2043 8 2048 Ν
107 2058 415 2132 Consuetudinem
440 2077 526 2131 ante
551 2057 699 2129 dictam.
763 2055 977 2130 Mandatum
1012 2057 1082 2129 hoc
1106 2056 1263 2130 nolirum
1288 2058 1410 2134 taliter

105 2175 313 2272 impleturi,
344 2177 447 2270 quod
470 2178 563 2251 tanti
587 2175 673 2250 boni
700 2192 910 2250 mereantur
934 2169 1005 2248 else
1030 2175 1227 2270 participer
1249 2195 1288 2249 et
1310 2181 1408 2273 apud

105 2297 226 2373 sedem
249 2296 487 2391 apostolicam
510 2300 558 2372 de
583 2314 669 2370 vera
694 2293 904 2369 obedientia
931 2290 1062 2390 possint
1077 2295 1210 2369 merito
1225 2315 1411 2374 commen·

107 2417 195 2492 dari.
270 2415 367 2489 Nulli
410 2436 502 2514 ergo
537 2415 693 2489 omniuo
730 2411 921 2488 hominurn
961 2413 1072 2487 liceat
1108 2415 1202 2490 hanc
1234 2417 1411 2514 paginam

106 2533 215 2610 noliri
253 2531 400 2623 statuti,
434 2532 678 2609 ordinationis
715 2552 754 2607 et
790 2531 956 2607 mandati
994 2528 1195 2630 infringere
1228 2535 1290 2609 vel
1326 2537 1413 2613 ausu

105 2652 304 2731 temerario
319 2653 509 2732 contraire.
558 2655 677 2752 Siquis
690 2671 814 2728 autem
831 2654 901 2726 hoc
919 2667 1143 2748 attemptare
1158 2651 1414 2750 presumpserit

103 2771 399 2865 indignationem
453 2772 720 2869 omnipotentia
757 2771 817 2847 dei
866 2788 906 2847 ct
956 2770 1148 2846 beatorum
1187 2769 1327 2846 PETRI
1370 2791 1411 2852 et

107 2891 254 2970 raum
297 2891 544 2987 apostolorum
581 2890 661 2988 ejus
700 2890 737 2969 se
774 2889 922 2967 noverit
966 2888 1199 2967 incursurum
1270 2888 1412 2970 Datum

110 3010 253 3090 ROME
287 3011 385 3108 apud
417 3017 589 3088 sanctum
624 3011 773 3089 Petrum
807 3011 910 3091 Vlll.
941 3009 1031 3088 Kal:
1067 3028 1158 3106 may
1182 3008 1416 3094 Ponnficatur

110 3130 218 3207 nostri
243 3148 343 3204 anno
366 3127 499 3228 primo.

541 3247 632 3325 Pro:
657 3247 714 3327 Fr.
737 3249 785 3327 de
809 3245 1101 3326 LAMZAMCO
1126 3245 1368 3330 nauflraa

112 3497 249 3590 Num.
281 3495 411 3589 CVI.
484 3498 806 3588 Praesentatio
844 3499 905 3587 ad
930 3494 1229 3586 Beneficium
1256 3531 1284 3588 a
1311 3499 1414 3592 Phi·

305 3639 435 3756 lippo
465 3635 617 3757 Stupf
634 3637 893 3724 fundatum.
952 3635 1094 3722 Anno
1128 3662 1248 3748 1391.

193 3842 376 3921 euerendo
400 3845 440 3918 in
464 3843 567 3920 cristo
589 3843 684 3940 patri
699 3840 910 3919 acdomino
926 3841 1078 3918 domino
1093 3841 1420 3923 BERCHTOLDO

216 3960 441 4058 lirifingenlir
475 3962 623 4039 ecclesie
658 3961 853 4060 Episcopo.
913 3961 985 4037 Vel
1016 3961 1095 4037 einr
1118 3961 1158 4039 in
1177 3962 1421 4061 spiritualibus

118 4079 267 4162 vicano
290 4085 456 4182 generali
477 4083 716 4164 PHlLIPPUS
740 4083 859 4166 dictur
881 4079 1038 4160 STUPH
1062 4080 1153 4160 ciuir
1175 4078 1421 4280 opidicfflgpn·
