3242 4760
42 273 43 282 Ν
185 319 240 413 48
511 295 769 383 Continuatiu
797 294 1155 384 Monumeatorum

182 519 407 617 assurgerent
443 513 733 610 congaudentes.
779 515 981 613 singulique
1019 517 1258 592 conuenirent
1289 519 1481 600 uoluntate

182 659 302 741 prona
331 635 390 708 sua
425 630 540 705 studia
572 631 800 706 laudabiliter
830 635 1050 729 exequendo
1081 634 1173 708 tanti
1207 633 1282 710 sedi
1308 639 1486 715 solemnia

184 757 412 836 celebrantes
436 771 504 825 nec
527 766 602 822 non
623 747 741 820 'helicis
766 750 1027 824 recordationis
1053 753 1322 828 CLEMENsls
1346 758 1396 855 V,
1419 757 1485 852 qui

144 895 146 902 ·
185 871 489 953 constitutionem
511 865 721 939 huiusmodi
748 865 934 942 vannat
956 865 1010 957 iiij
1037 867 1168 959 prelati
1192 869 1273 944 aliia
1304 871 1373 944 suis
1396 876 1493 949 Con-

183 991 430 1072 ssitutionibus
454 998 694 1059 annotauemt
725 1000 765 1059 et
796 983 977 1059 observari
1002 1003 1219 1081 preceperat
1243 987 1398 1062 acerris
1423 1009 1492 1063 no·

183 1113 355 1191 tabilibua
392 1103 657 1196 indulgentiis,
704 1120 795 1199 quat
835 1123 905 1197 pru
947 1099 1115 1200 expressit
1155 1103 1280 1180 haberi
1318 1108 1489 1181 nolumus

28 1210 30 1219 ¹
182 1225 495 1309 commuuiuerat,
519 1224 768 1296 Romanorum
793 1219 1005 1310 Pontificum
1030 1221 1316 1318 predeceflorum
1340 1223 1490 1303 suorum

181 1367 295 1446 atque
332 1342 532 1416 nostrorum
573 1336 738 1436 uestigiis
787 1336 988 1414 inherendo
1032 1342 1189 1435 provida
1222 1364 1290 1438 pet
1326 1347 1490 1424 eundem

185 1461 432 1542 VRBANUM
464 1475 600 1554 papam
628 1455 679 1547 vj.
710 1454 816 1549 super
847 1456 918 1528 hoc
941 1456 1205 1536 deliberatione
1229 1462 1422 1557 prehabita
1445 1479 1489 1540 ut

183 1602 284 1660 circa
315 1605 1487 1643 -------------

178 1699 374 1782 retributio
413 1693 651 1776 meritorum,
698 1708 774 1788 quo
820 1689 989 1764 deuotiua
1022 1708 1134 1790 atque
1170 1692 1399 1790 frequentius
1435 1699 1485 1774 ab

180 1843 228 1896 ea
252 1815 485 1908 contingeret
510 1807 722 1883 sacramenti
747 1808 953 1882 huiusmodi
975 1809 1127 1907 insignia
1151 1815 1343 1902 uenerari,
1380 1816 1484 1893 idem

179 1941 332 2033 inquam
356 1929 581 2004 VRBANUS
606 1944 704 2023 papa
730 1921 776 2013 vj.
802 1927 926 1998 laudes
951 1928 1105 2020 proinde
1126 1929 1251 2002 selliue
1274 1936 1483 2009 ueneratio·

177 2058 239 2132 nis
271 2068 312 2126 nt
343 2049 479 2147 gratiae
511 2046 648 2121 summe
681 2039 841 2117 reserens
866 2040 996 2118 deitati
1021 2046 1068 2119 ad
1092 2047 1201 2122 robur
1223 2065 1262 2122 et
1287 2053 1482 2126 exaltatio-

176 2193 265 2252 nem
291 2168 470 2242 catholice
495 2165 577 2241 fidei
602 2163 648 2238 de
671 2163 821 2236 lmtrum
844 2158 987 2236 suorum
1012 2163 1133 2239 sancte
1151 2167 1316 2241 Romane
1330 2171 1480 2246 ecclesa

181 2286 426 2368 cardinalium
464 2287 510 2358 de
548 2301 703 2378 quorum
742 2301 894 2357 numero
932 2298 1020 2358 tune
1064 2302 1208 2359 eramus
1248 2289 1395 2364 consilio
1438 2291 1479 2368 in

179 2406 401 2486 Conciliorio
439 2400 601 2498 generali
640 2403 756 2474 home
796 2399 836 2473 in
870 2401 1009 2495 palatio
1044 2403 1249 2497 apostolico
1286 2405 1334 2495 vj·
1392 2410 1478 2484 ldut

71 2525 75 2531 '
176 2525 321 2620 Aprilis
356 2519 589 2614 pontificatus
620 2515 672 2591 sui
705 2537 802 2592 anno
827 2517 1031 2593 undecimo.
1060 2516 1271 2598 solemniter
1291 2524 1478 2603 celebmto

179 2638 482 2721 constitutionem
519 2635 633 2711 felicia
679 2635 942 2713 recordationis
980 2636 1223 2716 BONIFACls
1260 2659 1360 2739 pape
1396 2644 1475 2736 viij.

175 2754 436 2861 predecessoris
461 2756 669 2852 nostrique
691 2755 822 2851 incipit
844 2757 951 2832 Alma
979 2767 1094 2832 mater
1124 2758 1164 2835 in
1195 2778 1242 2836 ea
1269 2777 1376 2855 parte
1400 2777 1474 2854 qna

175 2884 276 2958 idern
301 2875 586 2950 llONlFAClUS
614 2870 839 2968 predecessor
862 2873 1033 2950 statuerat
1058 2879 1158 2973 quod
1182 2879 1221 2953 in
1244 2877 1384 2951 Natalia
1408 2877 1474 2953 do·

173 2996 270 3075 mini
299 2991 430 3090 pasche
464 2989 693 3064 Pentecosten
725 3004 764 3062 et
798 2987 1064 3085 Assumptionis
1107 2997 1215 3066 beate
1252 2993 1370 3071 narie
1401 2997 1474 3073 vir·

172 3116 271 3210 ginis
305 3110 556 3186 lestiuitatibnr
591 3109 631 3183 in
665 3109 770 3182 terris
804 3129 848 3184 ac
879 3111 969 3183 locis
1008 3109 1243 3214 ecclesiastico
1280 3109 1473 3210 suppositis

171 3229 367 3309 interdicto
401 3246 581 3320 campane
616 3224 842 3318 pulsarentur
876 3243 914 3300 et
947 3225 1066 3304 ianuis
1098 3229 1235 3324 apertis
1269 3233 1343 3305 alta
1377 3257 1470 3311 voce

171 3353 296 3427 diuina
320 3341 439 3420 officia
463 3343 670 3418 solemniter
692 3343 960 3421 celebrarentur
982 3348 1029 3422 ad
1046 3345 1252 3421 huiusmodi
1273 3353 1469 3430 uenerandi

169 3463 383 3544 sacramenti
416 3461 543 3536 sellum
576 3465 745 3538 extendit
777 3465 933 3538 statuens
958 3476 999 3536 ut
1021 3483 1090 3560 per
1112 3464 1315 3542 universum
1340 3473 1467 3547 orbem

167 3585 334 3665 interris
365 3601 404 3656 et
434 3581 523 3655 locis
556 3581 681 3653 christi
707 3581 884 3654 Fidelium
919 3577 1107 3677 suppofitir
1139 3582 1345 3659 huiusmodi
1369 3587 1467 3664 inter

167 3706 267 3780 dicto
291 3722 355 3800 pro
379 3717 548 3793 tempore
572 3701 611 3776 in
633 3698 700 3774 hnc
723 3698 820 3774 sacra
843 3699 1055 3775 celebritate
1071 3699 1283 3779 sacramenti
1308 3704 1464 3796 predicti

163 3823 251 3900 licat
296 3822 336 3894 ia
381 3815 534 3915 prefatis
584 3833 740 3914 quatuor
777 3815 873 3891 sedis
916 3817 1098 3892 contentis
1144 3821 1184 3895 in
1232 3820 1464 3902 Bonisaciana

162 3939 429 4022 Constitutione
454 3935 620 4038 predicta
642 3957 820 4041 campane
843 3934 1004 4022 limibter
1025 3936 1252 4038 pulsarentur
1272 3953 1312 4015 et
1325 3945 1462 4038 apertis

1296 4083 1413 4160 Jauurr
