3242 4760
618 675 1076 768 Praefatio.

204 911 430 994 thesaurum
449 906 562 992 illunr
581 910 680 993 adeo
698 905 944 1019 locupletem
961 933 1155 996 evacuare
1173 911 1335 998 minime
1360 910 1498 1022 licuit3
1530 977 1534 988 .

87 1083 89 1088 ’
202 1099 353 1212 quippe
382 1125 475 1185 cunr
513 1099 736 1186 cavendum
763 1098 881 1182 nobis
911 1120 1042 1202 esset,
1084 1127 1136 1188 ne
1166 1101 1368 1191 Volu'men
1397 1111 1500 1207 hoc,

202 1291 310 1402 quod
337 1286 539 1401 praefatae
559 1291 719 1376 unionis
747 1293 940 1404 epocham
964 1289 1247 1392 concluderet,
1277 1291 1318 1374 in
1339 1290 1497 1378 nimiam

198 1477 351 1564 molem
381 1501 662 1586 excresceret,
691 1481 801 1595 plura
830 1507 933 1594 opus
961 1475 1038 1565 fuit
1064 1480 1158 1566 inde
1187 1505 1424 1585 secernere,
1454 1502 1496 1569 et

198 1669 411 1783 appendici
438 1673 753 1785 subsequuturae
787 1697 1007 1759 reservare.
1079 1669 1276 1756 Ceterum
1313 1691 1501 1784 quantum

199 1861 270 1946 illo
298 1860 435 1969 lumen
472 1864 662 1950 historiae
700 1861 948 1976 Metropolis
983 1879 1143 1946 nostrae
1181 1855 1402 1966 affundent,
1443 1863 1496 1949 le·

881 1997 889 2032 s

196 2052 307 2160 genti
335 2051 491 2139 abunde
518 2052 684 2167 patebit.
743 2051 983 2140 Promissam
1010 2049 1232 2141 Volumine
1259 2054 1496 2140 anteceden-

195 2263 238 2330 te
267 2243 413 2330 seriem
452 2239 775 2353 Praepositorum
812 2239 1086 2338 Decanorum,
1125 2261 1245 2356 atque
1274 2221 1495 2330 Canonico·

191 2461 279 2524 ruur
307 2436 348 2522 iu
377 2452 615 2550 sequentem
645 2430 823 2521 Tourum
849 2456 1060 2520 reservare
1086 2457 1189 2545 opus
1218 2427 1310 2520 snio

284 2779 360 2869 Ego
386 2771 479 2841 inira
505 2771 659 2864 scriptos
683 2786 816 2854 testor,
844 2767 1038 2863 diplomata
1052 2766 1086 2834 in
1106 2765 1179 2840 hoc
1205 2766 1487 2864 uoluminurigu·

335 2895 425 2962 simo
451 2907 637 2975 contentu,
672 2889 707 2956 iu
733 2891 816 2960 luco
846 2889 997 2959 Archirii
1028 2913 1069 2956 ex
1092 2891 1188 2956 Nutu
1212 2888 1312 2982 regio
1338 2915 1483 2960 accuru-

328 3011 462 3082 tissinru
489 3013 619 3098 renisu,
644 3027 679 3080 et
704 3033 784 3078 curn
809 3009 1050 3103 Originulibus
1075 3009 1205 3078 collatu
1229 3007 1351 3079 fuisse.

287 3329 475 3400 iinrruuhii-
488 3331 545 3399 dir
578 3355 660 3399 nun.
686 3329 769 3421 Liloij
797 3349 889 3395 unno
903 3324 1089 3394 millesimo
1105 3319 1400 3416 octingentesimo
1418 3343 1481 3387 un·

188 3445 337 3516 «ierimu.

943 4239 1065 4317 Fruoo.
1089 4233 1166 4335 Jos.
1192 4239 1332 4322 sumet,

794 4399 934 4467 Director
955 4417 985 4465 et
1006 4401 1201 4465 Archivurius
1223 4398 1324 4478 regius
1345 4387 1476 4454 intimus.
