3264 4812
199 495 202 500 ,
241 398 354 486 662·
566 390 823 482 Continuatio
851 387 1213 480 Monumeutormu

238 615 396 698 iusmodi
419 613 636 706 immediate
659 613 871 716 sequentes,
894 616 1061 712 quelibet
1085 615 1239 712 persona
1261 615 1300 692 in
1315 614 1551 694 ecclesiastica

237 717 421 810 dignitate
444 712 663 802 constituta,
686 713 810 789 autin
838 713 1134 811 Metropolitum,
1159 713 1216 788 uel
1239 713 1309 788 alia
1335 711 1551 789 Cathedrali

238 810 387 885 ecclesia
411 807 664 883 canonicatum
698 827 736 883 et
761 809 987 904 prebendam
1018 809 1210 897 obtinens,
1242 805 1350 905 snper
1381 805 1453 882 hoc
1479 831 1552 903 pto

234 924 344 1002 parte
358 901 512 999 persone
536 901 741 998 presentare
764 905 972 977 huiusmodi
992 903 1337 999 requisita,eandem
1353 903 1552 1000 personam

235 1002 421 1098 ydoneam
445 996 692 1093 presentatam
711 999 750 1074 in
775 998 969 1073 Rectorem
995 999 1162 1084 ecclesie,
1194 999 1375 1095 adquam
1401 995 1551 1095 presen-

236 1111 316 1169 tata
340 1089 456 1176 soret,
481 1094 678 1187 apostolica
701 1096 920 1168 auctoritate
938 1093 1123 1168 instituere
1141 1093 1276 1178 libere,
1300 1114 1339 1168 et
1362 1095 1466 1168 licite
1486 1111 1552 1165 ua·

234 1191 313 1266 leat
335 1187 375 1260 in
400 1188 570 1262 omnibus
593 1205 632 1262 et
655 1210 723 1285 per
746 1187 871 1263 omnia
904 1189 1077 1283 perinde,
1108 1209 1153 1262 ac
1177 1191 1199 1262 u
1225 1188 1347 1263 cidem
1371 1184 1554 1285 persone,

235 1282 299 1359 seu
324 1283 511 1355 canonino
535 1283 572 1357 id
592 1283 812 1357 nominatim
838 1302 905 1378 per
927 1281 1049 1358 sedern
1081 1283 1336 1381 apostolicam,
1369 1299 1409 1356 et
1433 1280 1555 1376 speci·

236 1378 308 1453 fice
331 1371 560 1451 commissum
590 1370 706 1464 foret,
741 1378 992 1452 Decernentes
1022 1378 1205 1475 prioribus
1236 1377 1363 1450 nostris
1397 1375 1553 1449 Litteris

234 1467 775 1576 predictis-superconcellione
800 1473 889 1545 dicti
908 1473 996 1546 iuris
1021 1490 1235 1566 patronatus
1249 1489 1286 1547 et
1319 1471 1554 1569 presentibus

234 1566 364 1642 uostris
392 1564 561 1655 Litteris,
586 1584 624 1639 et
648 1569 687 1640 in
710 1566 764 1639 eis
787 1571 993 1654 contentis,
1026 1587 1092 1659 per
1115 1566 1343 1662 quascunque
1368 1565 1555 1652 Litteras,

233 1677 274 1736 et
298 1657 563 1745 concelliones,
597 1680 672 1758 que
705 1661 744 1734 in
775 1662 1042 1738 contrariuma
1077 1658 1161 1736 sede
1194 1660 1336 1756 prelata
1368 1659 1554 1732 hactenus

232 1748 479 1836 emundent,
513 1754 571 1829 uel
596 1773 810 1830 emanarent
840 1756 1101 1852 imposterum,
1134 1777 1207 1828 non
1232 1750 1367 1827 censeri
1390 1751 1552 1845 deroga·

232 1864 313 1922 tutu
340 1867 408 1920 nec
431 1845 593 1920 eiusdem
617 1845 711 1922 sedis
735 1846 806 1924 elle
830 1851 1047 1925 intentionis
1077 1846 1310 1941 derogandi,
1343 1847 1406 1919 nili
1430 1845 1552 1924 sotum

231 1959 273 2018 et
294 1941 497 2025 duntaxat,
522 1941 629 2026 dnm,
653 1960 692 2017 et
716 1943 887 2038 quotiens
911 1945 949 2018 id
973 1962 1168 2038 antequam
1194 1938 1294 2014 sedes
1319 1941 1395 2034 ipsa
1420 1943 1467 2014 ad
1484 1946 1553 2013 de·

206 2034 466 2131 rogationem
490 2033 606 2129 ipsum
631 2038 809 2132 procedat
833 2059 896 2134 per
920 2037 1042 2112 sedem
1063 2035 1176 2118 ipsam
1202 2034 1308 2108 lberit
1333 2037 1552 2110 intimatum

232 2130 488 2218 ALllltll'sO,
519 2148 559 2202 et
583 2150 651 2223 pro
675 2151 845 2226 tempore
868 2133 1035 2208 exilienti
1063 2130 1155 2204 Daci
1182 2129 1330 2205 llauarie
1353 2137 1551 2223 predicto,

230 2246 301 2322 per
325 2222 480 2295 diuersas
504 2223 645 2297 litteras
670 2223 830 2300 eiusdem
856 2226 974 2316 ledis,
998 2228 1060 2303 sub
1084 2226 1231 2300 diuersis
1246 2225 1366 2310 uatis,
1389 2243 1474 2294 cunr
1490 2223 1551 2299 iu·

230 2319 387 2395 teruallo
415 2316 579 2390 Duorum
608 2316 806 2404 Mensrum,
830 2318 926 2394 inter
951 2323 1134 2416 priorum,
1158 2335 1196 2391 et
1221 2317 1460 2410 posteriorum
1487 2319 1548 2392 lit.

229 2427 391 2487 terarum
409 2410 615 2486 huiusmodi
632 2410 896 2489 concessionem
921 2415 1129 2498 consectas,
1150 2432 1188 2486 et
1213 2411 1333 2484 eitlem
1351 2413 1443 2485 lJuci
1461 2435 1550 2506 pre·

229 2503 411 2591 scutatas,
433 2506 648 2580 intentionis
673 2508 774 2580 dicte
799 2506 893 2582 sedis
918 2505 997 2582 lore
1023 2509 1089 2582 iuri
1115 2522 1327 2602 patronatus
1352 2525 1389 2576 et
1412 2506 1550 2595 priori·

228 2602 299 2676 bns
321 2619 365 2674 ac
392 2601 648 2692 posterioribus
679 2602 824 2676 Litteris
857 2603 983 2679 nollris
1017 2599 1222 2675 huiusmodi
1258 2617 1303 2669 ea
1339 2596 1420 2668 uice
1452 2599 1548 2673 tlun·

230 2711 337 2772 taxat
362 2697 566 2789 derogare,
590 2716 659 2768 nee
683 2716 757 2768 nun
783 2699 945 2782 irritum,
969 2714 1008 2769 et
1033 2699 1141 2768 inane
1166 2693 1190 2763 sr
1215 2689 1328 2770 secus,
1352 2689 1546 2785 superbiis

229 2810 465 2886 aquoquatn
491 2790 620 2885 quavis
645 2791 863 2876 auctoritate
888 2791 1042 2863 scienter
1074 2785 1131 2859 uel
1163 2785 1375 2880 ignoranter
1397 2789 1546 2864 contiu-

229 2887 327 2994 getit
351 2883 589 2978 attempt-nris
619 2883 699 2957 Non
725 2884 946 2958 obstantibus
964 2879 1312 2964 constitutionibus,
1335 2893 1373 2951 et
1397 2879 1547 2955 ordinu-

228 2978 390 3053 ttunibus'
415 2977 645 3073 apostolicis,
672 2979 873 3075 ceterisque
901 2979 1090 3055 contrariis
1116 2974 1404 3070 quibuscunque3
1446 2973 1546 3049 Nulli

228 3093 321 3172 ergo
347 3076 500 3144 omnino
525 3075 600 3143 hon
616 3091 654 3145 ru
681 3091 718 3144 m
745 3076 854 3144 licent
878 3075 970 3145 banc
995 3069 1168 3238 pastinum
1195 3069 1312 3140 nollre
1327 3068 1547 3172 uoluntatis,

227 3165 519 3246 constitutionis,
544 3163 734 3238 etde-rori
754 3165 971 3262 intringere,
996 3188 1040 3238 ue
1078 3165 1113 3236 ei
1139 3159 1223 3236 ausu
1238 3179 1435 3232 temerario
1456 3182 1545 3236 con·

231 3261 366 3330 trnirer
400 3259 520 3354 siquis
545 3278 669 3332 antem
694 3258 764 3331 hoc
789 3278 1013 3355 attemptare
1037 3255 1293 3352 presumpserit
1318 3252 1544 3349 indignatio·

95 3391 97 3395 ·
228 3369 315 3422 netu
342 3353 607 3510 omnipotentis
635 3352 728 3437 nei,
765 3369 803 3424 et
830 3356 1018 3427 beatorum
1047 3349 1141 3423 Petri
1173 3363 1211 3422 et
1235 3346 1332 3420 l’auli
1357 3347 1543 3439 aposlolu-

229 3461 310 3517 turn
336 3440 414 3513 cius
452 3460 473 3511 e
500 3445 643 3518 nouerit
659 3446 893 3520 incursurum.
945 3446 1080 3519 Datum
1099 3439 1343 3537 llOllEapud
1365 3444 1541 3518 Sanctum

260 3555 376 3606 etrum
407 3536 517 3606 norro
545 3535 802 3614 incarnationis
826 3539 1007 3614 dominice
1036 3537 1222 3611 llillesrmo
1252 3533 1543 3631 quadringente-

227 3555 319 3703 Kmo
343 3625 608 3720 septuagesimo
633 3644 733 3699 nono
751 3634 896 3700 Octavo
912 3634 1092 3707 Kalendas
1114 3631 1205 3728 May
1220 3629 1457 3706 Pontificatus
1469 3649 1541 3707 uu·

229 3722 290 3799 nri
315 3721 428 3798 Auno
454 3719 614 3793 Octauo,

459 3832 494 3888 ψ
719 3831 746 3908 p
772 3829 886 3909 puteo
911 3819 1086 3892 nautam.

459 3924 493 3978 ·l·
717 3913 764 3985 Jo
789 3911 835 3980 de
860 3915 995 3985 REGlO.

457 4021 492 4077 ψ
714 4001 725 4096 l
740 4005 781 4094 st
802 4007 967 4079 BOTRSL.

222 4097 322 4202 Apri
436 4095 535 4198 pde
556 4099 693 4170 suillos
709 4113 784 4174 etc.
1268 4093 1477 4178 LGltlsllr.

1081 4191 1293 4270 maulam.
