3242 4760
465 431 678 522 Ecclesiae
705 433 753 518 ad
784 429 836 516 D.
866 427 1089 538 Virginem.
1371 471 1426 554 49

119 653 235 746 januis
263 654 337 728 alta
363 674 456 728 noce
487 651 613 752 diuina
646 650 765 729 officia
792 648 1004 726 solemniter
1028 649 1299 732 celebrarentur
1322 679 1432 736 exco-

124 771 314 848 municatia
339 790 462 846 tamen
489 774 631 868 prorsus
656 772 804 848 exclusis
828 769 1104 845 sedinterdittiu
1124 771 1282 850 admissis
1303 779 1435 874 quibus

129 892 237 968 nichil
268 893 412 964 ominus
447 891 496 965 ob
523 893 766 986 reuerentiam
790 906 893 972 tante
918 888 1141 974 celebritatis
1164 910 1202 968 et
1226 911 1269 968 ut
1292 916 1340 972 ex
1363 899 1435 978 boc

124 1013 165 1086 ud
194 1010 415 1087 humilitatis
431 1009 589 1107 gratiam
606 1027 644 1083 et
659 1005 966 1084 reconciliationis
983 1002 1153 1084 affectum
1166 1011 1430 1095 inclinarentur

123 1125 262 1202 facilius
286 1148 331 1202 ea
355 1129 417 1204 die
442 1126 764 1224 participationem
796 1129 1005 1204 divinorum
1036 1129 1206 1217 indulsit,
1238 1131 1284 1207 bc
1307 1151 1434 1215 tamen

9 1307 14 1322 .
122 1249 216 1344 quod
240 1247 290 1321 illi
317 1267 470 1342 propter
495 1267 650 1342 quorum
682 1243 864 1321 excellunt
896 1249 1081 1342 prolatum
1116 1243 1234 1324 suisset
1260 1250 1433 1334 interdic·

125 1382 200 1440 tnm
219 1367 431 1441 huiusmodi
451 1366 555 1440 altari
580 1367 784 1440 nullatenus
802 1367 1299 1463 approquinquatentprout
1320 1393 1429 1453 caue·

122 1502 178 1560 tur
202 1508 241 1560 et
266 1487 479 1583 indulgetur
501 1484 539 1559 in
565 1483 829 1560 Constitutione
853 1481 1086 1560 Bonilaciana
1111 1484 1265 1581 prefata.
1325 1499 1434 1571 Cete-

119 1626 198 1681 rum
232 1605 335 1680 idem
374 1603 599 1680 VRBANUS
637 1623 735 1700 papa
772 1601 825 1694 vj.
857 1603 1080 1678 laudabilem
1129 1603 1431 1692 consuetudinem

119 1725 243 1798 Christi
271 1724 431 1799 fidelium
456 1718 652 1798 associandi
678 1723 750 1796 boc
774 1722 948 1797 viaticum
967 1721 1088 1796 nostre
1114 1725 1427 1824 peregrinationis

120 1865 156 1920 et
197 1841 381 1918 ineffabile
418 1843 678 1917 sacramentum
716 1839 817 1914 onrni
856 1840 1063 1918 reverentia
1100 1844 1310 1923 collendotn
1349 1869 1426 1948 quo

118 1966 306 2039 reddimus
330 1967 378 2038 ad
401 1963 558 2058 patriam
583 1979 622 2036 et
646 1958 870 2036 sacerdotem
894 1963 941 2037 ad
971 1981 1082 2057 quem
1106 1965 1268 2058 pertinet
1299 1965 1338 2042 id
1367 1971 1430 2046 de·

7 2075 9 2094 '
120 2081 256 2155 bilibus
299 2083 563 2157 ualitudinariia
602 2079 794 2154 carceratis
839 2078 1124 2178 parturientibus
1168 2083 1227 2158 uel
1273 2082 1428 2164 infirmis

7 2233 8 2244 ¹
117 2199 387 2276 ueneraibiliter
412 2197 637 2276 deserentem
662 2199 869 2274 deecclesia
893 2202 940 2276 ad
965 2203 1141 2290 domurn,
1166 2219 1205 2278 et
1228 2202 1278 2278 ad
1305 2205 1422 2282 eccle.

117 2323 200 2396 bam
222 2318 444 2396 reserantem
466 2318 681 2394 auctoritate
707 2319 903 2417 apostolica
940 2323 1149 2416 approbans
1176 2321 1224 2396 de
1249 2325 1424 2424 omnipo.

117 2439 227 2514 tentis
252 2443 312 2514 dei
336 2439 577 2513 misericordia
598 2454 636 2513 ct
661 2440 852 2514 beatorum
874 2437 1011 2512 PETRI
1036 2457 1075 2512 et
1098 2438 1243 2514 PAULI
1260 2445 1423 2540 Apollo.

117 2560 236 2634 lorum
261 2559 342 2633 eius
368 2557 590 2633 auctoritate
614 2556 765 2632 confisus
793 2556 965 2631 omnibus
992 2577 1079 2632 uere
1102 2557 1356 2652 penitentibus
1382 2581 1422 2642 et

116 2677 281 2754 consedit
305 2677 515 2774 huiuamodi
537 2675 727 2751 eukaristie
752 2675 1009 2751 sacramentum
1035 2692 1073 2750 et
1088 2673 1314 2756 sacerdotem
1334 2705 1425 2761 eun-

117 2798 200 2870 dem
238 2801 277 2872 in
317 2801 437 2873 eundo
468 2795 654 2870 redeundo
691 2791 947 2872 associantibus
981 2809 1021 2868 ut
1052 2791 1232 2889 prefertur
1266 2801 1425 2879 Centum

116 2916 194 2988 dies
221 2917 268 2990 de
292 2917 463 3006 injunctis
486 2917 539 2989 eis
562 2916 777 3012 penitentiit
800 2913 1076 2990 misericorditer
1100 2914 1288 2990 relaxabit.
1345 2919 1424 2996 Not

114 3031 228 3128 igitur
248 3036 314 3131 qui
340 3035 438 3108 dicto
468 3031 713 3130 predecessore
741 3035 947 3111 VRBANO
980 3052 1078 3129 papa
1106 3030 1156 3123 vj.
1187 3051 1275 3108 aute
1309 3055 1421 3134 quam
1552 3129 1554 3135 y

113 3155 190 3226 eius
213 3157 337 3229 littere
357 3156 462 3252 super
483 3153 551 3227 biis
576 3155 842 3230 conficerentur
870 3153 957 3227 ficut
987 3155 1138 3228 domino
1173 3154 1312 3250 placuit
1340 3155 1417 3232 sub·

6 3351 8 3368 ‚
112 3271 189 3345 lato
211 3275 260 3346 de
282 3277 405 3348 modio
430 3273 552 3348 diuina
575 3273 787 3366 disponente
811 3271 1007 3346 clementia
1033 3267 1168 3383 suimus
1199 3275 1244 3345 ad
1273 3276 1419 3371 apicem

6 3379 8 3432 i
114 3389 244 3467 summi
288 3393 510 3490 apostolatus
546 3389 715 3488 assumpti
753 3394 921 3464 nolentes
954 3395 1054 3486 quod
1083 3387 1252 3490 premissa
1287 3393 1326 3470 in
1353 3397 1417 3473 ob

6 3605 8 3674 i

117 3509 294 3585 liuionem
321 3515 541 3602 deveniant,
565 3515 737 3586 universis
761 3530 799 3588 et
823 3508 969 3608 singulis
988 3511 1214 3585 ecclesiarum
1239 3529 1277 3586 et
1294 3514 1420 3594 Monu-

6 3681 7 3732 ζ
117 3627 305 3702 steriorum
326 3616 478 3728 ¹prelatis
509 3655 574 3730 per
600 3629 810 3728 apostolica
829 3629 959 3724 scripta
985 3631 1221 3720 mandamus,
1245 3637 1418 3729 quatinus

6 3737 8 3830 ἲ
113 3745 177 3823 baa
197 3750 333 3826 nostras
353 3753 513 3838 litteras,
536 3773 579 3825 ac
600 3751 723 3826 omnia
744 3775 783 3825 et
806 3752 940 3847 singula
961 3751 998 3824 in
1017 3749 1071 3824 eis
1094 3768 1266 3826 contenta
1289 3771 1417 3851 quam·

6 3857 9 3942 i
110 3869 272 3961 primunt
293 3875 339 3946 ad
364 3892 492 3946 eorum
515 3873 684 3948 notitiam
710 3871 945 3966 peruenerint
971 3867 1064 3943 insta
1086 3865 1265 3944 missarum
1288 3871 1416 3952 solem·

6 3997 7 4012 ¹
110 3987 169 4060 uia
204 4009 241 4064 et
271 4012 316 4063 ex
351 4011 441 4066 tunc
472 3990 558 4086 sepe
588 3994 625 4067 in
647 4013 775 4066 eorum
796 3991 952 4066 ecclesiis
975 4006 1012 4064 et
1042 3989 1265 4066 Monasseriis
1288 4013 1356 4090 per
1376 3995 1413 4073 se

111 4107 171 4182 uel
202 4109 290 4186 alios
319 4132 448 4190 coram
484 4114 632 4212 populis
670 4110 878 4190 solemniter
915 4108 1107 4210 publicent
1145 4127 1185 4186 et
1217 4131 1409 4310 αρὲιῖηι

796 4233 827 4306 G
1314 4230 1351 4250 ..
