3302 4740
543 477 756 568 Ecclesiae
783 479 833 566 ad
863 476 915 564 D.
947 477 1165 586 Virginem.
1390 503 1471 595 381

180 715 231 788 oli
255 711 320 783 ilcr
342 703 439 780 noch
463 726 507 777 zo
534 701 680 777 Lannile
703 697 789 774 kern
817 699 888 774 ‹laz
920 699 975 774 lni
999 699 1061 775 dic
1083 700 1220 796 volgen
1245 701 1297 778 als
1317 704 1390 780 ‹lnn
1411 703 1477 780 dat

176 833 268 906 alles
299 829 337 900 iii
374 829 445 899 rien
469 819 691 896 l'ailbriesen
724 839 798 894 von
833 822 904 894 den
938 819 1123 896 benanten
1147 821 1368 924 Jncoaan
1402 825 1479 898 und

174 942 444 1024 sannsrinll
466 960 538 1014 von
557 939 748 1037 yeglichen
769 937 853 1014 dem
872 941 1010 1014 andern
1026 939 1178 1014 datumb
1197 940 1367 1039 gegeben
1388 943 1480 1018 kler-

175 1068 291 1144 licher
315 1063 356 1139 ist
379 1055 555 1154 begtiffen
581 1058 649 1134 Mit
664 1058 812 1132 Uiliund
836 1057 902 1130 des
918 1053 1029 1130 Briels
1046 1059 1168 1152 geben
1184 1082 1233 1134 au
1247 1057 1480 1136 insanust}

173 1204 223 1260 an
247 1187 335 1255 Sint
360 1177 517 1253 alathiae
542 1193 603 1271 teg
627 1179 691 1252 des
716 1174 876 1273 heiligen
902 1172 1142 1271 Zn’ell'poten
1165 1178 1264 1254 Nach
1284 1178 1392 1254 lirini
1414 1201 1480 1276 ge-

174 1301 293 1398 purile
316 1299 368 1374 im
393 1293 760 1372 Vierzelieubundert
783 1295 857 1372 und
880 1297 967 1372 dem
990 1294 1253 1397 siinl'tzigillen
1275 1297 1380 1398 Jare.

177 1543 314 1634 Niim.
332 1537 606 1630 CCLXIII.
663 1543 971 1632 Confirmatio
994 1547 1274 1662 episcopalis
1295 1540 1477 1636 Missae

326 1701 583 1797 perpetuae
618 1709 643 1760 a
672 1677 891 1784 Jolinnne
917 1683 1067 1796 Niger
1099 1681 1333 1770 fundatae.

668 1815 812 1902 Anno
846 1843 966 1926 1450.

168 2011 447 2226 JOHANNES
471 2013 531 2090 dei
555 2014 674 2108 gratia
694 2015 891 2113 Episcopus
915 2019 1063 2096 ecclesie
1078 2015 1291 2116 frisigensi
1314 2021 1377 2098 ‘Ad
1399 2041 1481 2119 per·

240 2152 389 2228 petuam
411 2135 463 2210 tei
485 2135 712 2208 memoriam.
737 2136 809 2211 Piis
834 2137 1037 2236 supplicum
1062 2139 1170 2220 votis,
1195 2139 1267 2235 hys
1293 2140 1483 2235 presertim

176 2277 250 2354 que
275 2253 388 2330 diuini
411 2247 529 2327 cu'ltns
552 2272 793 2352 augmentum
819 2255 1039 2352 respiciunt,
1072 2257 1187 2329 noslri'
1203 2255 1339 2330 fauoris
1375 2257 1482 2352 prefi-

176 2376 279 2450 dium
303 2371 559 2466 impertientes
583 2374 714 2470 pariter
741 2391 780 2450 et
803 2369 977 2450 aneorum
1015 2373 1165 2470 anue
1199 2391 1396 2469 propterea
1431 2395 1481 2450 ex

176 2493 310 2569 sincera
334 2491 536 2564 deuotione
559 2491 654 2567 sacta
679 2495 921 2593 cognouimrls
953 2507 996 2568 ut
1025 2493 1153 2566 votiua
1177 2490 1348 2568 firmitate
1373 2493 1483 2568 subri-

177 2631 273 2697 sant,
298 2611 454 2684 libenter
488 2632 570 2686 cum
594 2631 616 2688 a
639 2615 747 2687 nobis
772 2611 912 2706 petitur
934 2609 1052 2684 nolite
1084 2609 1368 2686 confirmationis
1402 2633 1483 2686 niu·

178 2729 316 2806 mimine
340 2728 553 2800 roboramus
584 2729 757 2804 Exhibita
780 2730 958 2826 squidem
991 2729 1098 2803 nobis
1129 2751 1246 2824 nuper
1276 2752 1345 2824 pro
1375 2745 1482 2825 parte

178 2841 323 2944 prouidi
348 2842 414 2916 viti
448 2841 694 2939 ,Jollnn'mls
720 2847 888 2934 NIGER,
913 2847 1062 2942 opidani
1089 2847 1311 2922 Monacensis
1346 2847 1479 2942 petitio

177 2964 404 3047 continebat,
428 2965 526 3055 quod
551 2961 626 3058 ipse
650 2965 732 3038 zelo
754 2963 962 3039 deuotionis
980 2965 1161 3050 accensus,
1186 2987 1229 3040 ac
1244 2966 1394 3058 cupiens
1408 2983 1480 3039 ter·

176 3104 264 3159 rena
288 3083 325 3154 in
350 3080 516 3165 celestia,
548 3099 587 3154 et
609 3083 813 3157 transitoria
844 3084 882 3159 in
909 3103 1034 3158 eterna
1058 3083 1153 3158 sclici
1178 3083 1356 3158 conieitio
1381 3103 1480 3157 coni·
1534 3163 1537 3170 Δ

178 3219 334 3290 mutare,
365 3202 548 3295 quandam
574 3196 715 3274 missam
740 3219 957 3297 perpernam
981 3203 1021 3276 In
1047 3201 1165 3276 Alteri
1189 3203 1309 3276 Sancti
1335 3202 1479 3298 spiritus

177 3319 218 3392 ln
244 3320 396 3393 Ecclesia
428 3319 535 3392 beate
571 3335 616 3391 ac
647 3318 803 3414 gloriose
839 3319 994 3418 virginis
1028 3320 1146 3395 Maris
1178 3319 1373 3396 MONACl
1413 3319 1479 3392 fito

177 3439 295 3513 nostre
321 3438 491 3522 diocesis,
529 3435 573 3506 ile
605 3437 777 3530 expresso
801 3437 1020 3512 venerabilis
1051 3438 1157 3512 nobis
1191 3439 1324 3512 sincere
1356 3435 1480 3512 dilecti

178 3556 389 3656 JOHANlS
413 3553 628 3630 TULBECR
661 3557 892 3631 decretorum
916 3553 1094 3632 licentiati
1132 3555 1297 3632 eiusdem
1333 3557 1480 3630 ecclesie

176 3674 327 3771 plebani
351 3676 539 3762 voluntate
564 3693 602 3749 et
627 3672 877 3760 corseolano
900 3675 1047 3751 laudem
1074 3691 1112 3750 et
1133 3675 1288 3773 gloriam
1311 3677 1479 3771 omnipo·

175 3793 287 3869 tentis
313 3793 385 3876 dei,
410 3791 616 3866 beatissime
649 3791 835 3888 genitricis
864 3791 924 3866 sue
950 3793 1100 3888 virginis
1127 3795 1260 3880 irone,
1287 3792 1477 3887 'totiusque

176 3908 274 3982 curie
298 3909 435 3981 celestis
459 3908 718 4006 triumphantis
743 3908 792 3982 ob
817 3908 966 3984 salutem
991 3907 1245 3985 ctremedium
1270 3912 1391 3984 anime
1416 3909 1477 3982 lue

175 4026 486 4102 mariannam
510 4027 730 4101 conthoralis
754 4027 862 4125 ipsius
886 4029 1165 4126 progenitorum
1185 4029 1477 4103 etsuccessornm

176 4142 333 4229 suorum.
356 4161 394 4221 et
419 4144 583 4222 omnium
607 4145 769 4224 fidelium
793 4145 1070 4238 defunctorum,
1102 4148 1267 4246 quotidie
1291 4170 1365 4222 vno
1387 4144 1478 4220 dun·

1324 4281 1428 4342 taxat
