3298 4738
157 431 238 513 204
479 391 735 479 continuatio
764 387 1122 483 Monumentoruu

157 622 267 699 tionis
292 635 388 713 penu
404 613 562 692 districte
575 613 813 712 precipiendo
827 618 1065 703 mandamus,
1089 633 1136 692 ne
1155 615 1348 715 quicquum
1368 641 1453 698 con.

159 757 215 818 tte
239 735 324 835 sepe
347 737 480 813 dictant
496 735 763 810 Processionem
789 751 828 807 et
843 735 1050 809 reddituum
1076 755 1250 814 euentum
1275 737 1455 817 fundatio·

160 878 246 935 nem
282 858 339 932 uel
371 852 604 929 donationem
637 856 684 931 ud
715 851 830 946 ipsum
861 852 1109 946 pertinentem
1140 877 1206 950 per
1234 857 1454 936 Exactiones

161 979 317 1052 Stewrus
342 972 400 1045 uel
425 990 664 1066 quascunque
682 971 824 1046 illicite
850 971 1075 1044 extorfiones
1110 975 1346 1050 diminuendo
1372 977 1456 1052 alie·

160 1091 284 1172 nando
307 1105 347 1163 et
368 1087 596 1164 distrahendo
619 1104 842 1184 attemptare
864 1089 987 1190 aliquo
1011 1093 1226 1167 temeritatis
1259 1093 1344 1166 ausu
1375 1115 1458 1189 pte·

160 1215 299 1300 iuurot,
324 1205 557 1282 intendentes
582 1207 695 1302 igitur
719 1207 896 1282 utChristi
918 1208 1043 1285 fideles
1066 1194 1113 1285 ud
1132 1209 1291 1284 eundem
1315 1212 1455 1286 ordino

161 1330 273 1405 tionis
297 1329 446 1402 modum
471 1346 517 1398 eo
543 1323 739 1402 seruentius
765 1330 999 1403 attenduntur
1026 1344 1065 1400 et
1089 1328 1136 1400 ud
1160 1327 1293 1403 dictum
1317 1325 1458 1426 proces·

161 1449 301 1524 sioncrn
325 1444 479 1520 unidioti
503 1443 706 1539 frequentia
730 1441 930 1523 confluant.
955 1463 1030 1540 quo
1062 1441 1099 1518 ie
1121 1443 1291 1520 seniorint
1315 1468 1364 1518 ex
1388 1446 1458 1518 hoc

162 1568 259 1642 dona
283 1563 474 1658 percipere
498 1559 655 1652 potiora.
704 1559 880 1634 Omnibus
905 1581 993 1634 vere
1016 1561 1263 1658 penitentibus
1289 1562 1456 1663 confessis

163 1700 203 1757 et
225 1678 413 1762 contritis,
438 1677 500 1772 qui
525 1677 570 1750 ab
586 1676 741 1753 Ecclesia
765 1675 938 1750 videlicet
962 1677 1178 1768 parrochiali
1197 1677 1353 1756 cimbalo
1377 1680 1458 1778 pul·

164 1801 241 1874 suto
272 1794 388 1891 ipsum
422 1795 672 1891 presbyterum
712 1813 843 1888 eorpus
877 1789 1007 1864 Christi
1044 1792 1164 1868 nostre
1193 1792 1459 1893 redemptioni,

158 1907 320 2014 pretium
343 1913 548 1988 solemniter
572 1932 613 1987 ut
635 1911 787 1998 dicitur,
819 1907 866 1983 ud
888 1909 1039 1984 domurn
1058 1911 1257 2011 Laugwidi
1291 1912 1459 1988 defferen-

162 2051 240 2108 tem
264 2032 375 2105 secuti
399 2029 590 2104 etiterum
615 2048 803 2127 procurato
826 2041 957 2124 egroto
982 2047 1065 2100 cum
1089 2031 1222 2102 eodem
1238 2031 1458 2126 presbytero

165 2151 213 2225 ed
237 2148 389 2222 eundem
406 2147 597 2224 Ecclefiom
620 2171 702 2224 cum
727 2148 925 2224 deuotione
948 2144 1079 2219 reuerii
1102 2141 1262 2234 fuerint,
1285 2147 1344 2222 seu
1370 2150 1457 2225 elios

164 2265 349 2362 cuipiam
373 2266 609 2357 processionis
641 2265 908 2342 ordinationem
939 2278 1067 2335 munus
1100 2266 1331 2360 porrexerint
1359 2268 1459 2343 odiu·

164 2387 273 2460 trices
298 2384 345 2458 de
369 2385 635 2478 omnipotentis
666 2385 727 2458 dei
752 2379 992 2455 misericordia
1024 2394 1063 2454 et
1086 2382 1277 2458 beatorum
1302 2385 1395 2460 Petri
1419 2398 1459 2458 et

164 2503 266 2578 Pauli
290 2500 550 2594 Apostolorum
577 2501 654 2574 eius
679 2498 805 2573 Confiti
833 2493 1017 2590 suffragiis
1041 2501 1280 2599 quadraginta
1304 2504 1381 2580 dies
1404 2503 1460 2574 iu·

165 2615 434 2712 dulgentinmtn
460 2617 506 2690 de
528 2617 697 2691 iniunctis
722 2617 774 2690 eis
799 2615 1013 2711 penitentiis
1045 2617 1319 2696 misericorditer
1341 2621 1377 2694 in
1395 2621 1459 2693 do·

166 2735 268 2812 mino
291 2735 496 2810 relaxemus
519 2735 644 2808 hurum
664 2735 872 2811 testimonio
887 2733 1123 2810 Litterarum.
1149 2741 1274 2815 dotum
1295 2735 1458 2811 FRlSlN·

166 2853 230 2926 GE
254 2850 315 2927 die
340 2856 451 2924 Sexto
469 2851 600 2926 Meuius
619 2853 710 2948 Moy
732 2872 828 2928 nuno
851 2852 993 2929 domiui
1012 2854 1198 2930 milieiirno
1215 2853 1458 2954 quadtingeu·
1487 2841 1491 2849 ’

166 2969 294 3044 telimo
319 2969 510 3070 vigesimo.

167 3187 304 3278 Num.
323 3185 603 3278 CLXXXI.
632 3154 839 3279 Donatio
860 3191 999 3277 annui
1015 3216 1180 3276 census
1200 3217 1260 3272 ex
1276 3182 1457 3274 Balneo

260 3322 322 3408 ad
350 3353 474 3410 aram
501 3317 588 3408 SS.
616 3320 795 3411 Sebast.
825 3326 976 3427 sixti,
1007 3345 1056 3410 et
1082 3323 1213 3436 Agru,
1237 3317 1370 3426 MM.

648 3457 802 3560 ,Anno
832 3487 951 3562 1420.

168 3659 249 3846 leh
274 3657 437 3739 HANNS
458 3659 522 3756 det
550 3655 771 3733 SCHYMEL
791 3659 854 3734 die
882 3657 967 3734 Zeit
988 3655 1150 3790 'Zoiluer
1173 3677 1218 3730 zu
1240 3653 1464 3790 WASuER·

229 3780 377 3866 BURG‚
406 3778 492 3858 Uud
514 3777 572 3851 ich
597 3777 788 3852 URSULA
820 3776 898 3852 sein
930 3776 1068 3850 elenche
1089 3771 1261 3850 Huuffruu
1292 3774 1465 3865 verrehen

171 3901 248 3979 und
258 3913 339 3974 tunt
349 3895 448 3970 kuud
461 3891 651 3970 offenleich
663 3896 731 3969 mit
739 3896 824 3969 dern
838 3891 935 3969 brief
941 3890 998 3966 sur
1007 3893 1083 3966 Uos
1094 3893 1142 3966 all
1153 3891 1255 3968 unser
1267 3893 1379 3969 erben
1389 3895 1465 3971 und

171 4017 406 4098 Nechkomeu
431 4015 525 4094 olleo
548 4015 621 4092 den
644 4014 704 4093 die
727 4015 771 4093 ln
792 4013 966 4094 susehent
985 4011 1117 4092 herent
1139 4015 1226 4092 odet
1243 4013 1376 4099 lerunt,
1389 4016 1464 4148 'des

1344 4151 1418 4208 wu
