3242 4760
193 445 246 542 68
381 411 384 417 Ι
543 440 796 539 continuatio
828 440 1184 532 Monumentorum

193 657 474 738 HERMANNO
490 659 695 734 BILVELT
719 661 905 758 Ptepofrto
931 661 1086 737 Ecciefie
1110 665 1230 740 Sancti
1258 665 1405 745 Andree
1428 670 1488 746 fri·

191 781 341 878 fingenii
365 768 564 872 Capeliano
595 799 634 854 et
670 784 801 856 nuntio
835 781 956 854 nostro
989 783 1092 871 juxta
1125 786 1392 890 requifitionern
1426 813 1491 888 per

192 921 277 974 eum
301 922 348 973 ex
372 916 476 994 parte
509 899 627 973 nostra
662 897 795 975 factam
829 924 904 976 non
928 899 1141 1000 affignastis,
1174 925 1257 977 cunr
1282 907 1410 980 Sciatis
1440 913 1495 986 ita

192 1014 292 1094 fuiffe
323 1019 362 1092 in
393 1016 501 1110 ipfrus
532 1019 656 1125 jubilei
691 1003 924 1094 Conceffione
958 1019 1186 1109 ordinatum,
1226 1025 1305 1099 Qua
1340 1041 1494 1121 propter

189 1140 377 1212 hortamur
411 1135 623 1211 fidelitatem
657 1155 695 1211 et
730 1139 969 1215 devotionem
1006 1141 1157 1214 vestram
1196 1141 1366 1233 quatinus
1391 1143 1495 1234 juxta

190 1257 298 1353 ipfius
336 1256 598 1344 HERMANNI
631 1259 901 1354 requisitionem
941 1277 1050 1350 prout
1088 1259 1133 1330 ad
1173 1283 1240 1333 vos
1275 1264 1493 1356 pertinuerit

190 1361 403 1466 huiusmodi
420 1374 614 1470 pecunias,
650 1395 688 1449 et
712 1399 769 1450 res
793 1379 839 1452 arf
863 1374 977 1473 ipfanr
1003 1375 1173 1450 fabricam
1200 1381 1428 1474 pertinentes
1452 1399 1495 1457 ut

189 1491 369 1591 prefertur
393 1493 455 1566 srbi
479 1496 632 1566 tradatis
657 1514 694 1567 et
718 1492 922 1592 dignetis,
952 1517 995 1569 ac
1019 1495 1109 1568 tradi
1135 1516 1174 1569 et
1196 1495 1360 1596 aifignari
1386 1497 1494 1575 facia·

190 1614 258 1696 tis,
281 1627 320 1686 et
343 1612 432 1686 alias
456 1611 517 1684 fibi
545 1613 583 1686 in
609 1613 731 1687 nostris
755 1633 793 1687 et
817 1625 969 1692 romane
993 1615 1138 1690 ecclefie
1161 1617 1319 1713 negotiis
1335 1615 1494 1695 affrstatis

135 1754 136 1758 ’
190 1733 336 1808 auxiliis
362 1749 401 1804 et
420 1727 603 1804 favoribus
628 1733 818 1826 oportunis
842 1735 879 1806 in
911 1733 1040 1826 quibus
1063 1735 1238 1807 honorem
1265 1754 1304 1808 et
1328 1739 1493 1812 debitum

192 1852 349 1926 vestrum
373 1849 535 1936 facietis,
569 1866 606 1922 et
639 1850 747 1924 nobis
774 1854 1084 1944 complacentiam
1117 1855 1329 1952 fingularern
1354 1857 1495 1934 Taliter

193 1991 232 2046 ut
275 1967 493 2045 confidimus
535 1965 731 2056 facientes,
779 1971 877 2064 quoti
919 1973 1065 2045 alterius
1106 1971 1228 2068 fcripti
1270 1975 1378 2049 nostri
1418 1999 1495 2053 non

193 2111 297 2186 opus.
353 2089 491 2162 Datum
519 2087 698 2164 PERUSII
722 2087 821 2164 xvi.
847 2088 924 2166 Kal.
949 2090 1360 2190 Augussi'Pontificatus
1385 2097 1495 2170 nostri

191 2231 288 2285 anno
313 2223 456 2305 quarto.

1142 2351 1192 2429 V.
1216 2350 1409 2427 BONINC.

195 2573 330 2662 Num.
355 2565 514 2664 CXV.
571 2572 959 2659 Anniuersarium
988 2567 1233 2661 fundatum
1261 2606 1287 2659 a
1305 2569 1337 2684 J
1341 2606 1490 2663 oanne

508 2706 798 2802 Wilbrecht.
858 2712 1001 2793 Anno
1034 2729 1152 2822 1393.

195 2919 275 3106 leh
296 2915 460 2990 HANNS
477 2909 775 2989 WILBRECHT
800 2913 950 3008 vergich
975 2913 1043 2987 mit
1066 2912 1181 2988 difern
1206 2909 1318 3003 brief,
1341 2915 1409 2988 daz
1434 2917 1493 2991 icit

254 3035 442 3134 Jarlichen
465 3034 539 3107 vnd
573 3032 791 3110 ewielichen
822 3031 882 3106 ein
907 3030 1041 3130 Jartag
1070 3030 1191 3130 gestift
1223 3036 1297 3108 vnd
1322 3039 1494 3133 gemacht

192 3157 263 3231 han
288 3157 355 3231 daz
378 3172 464 3229 man
488 3153 558 3226 den
573 3149 760 3243 Jarlichen
784 3151 854 3224 alle
878 3153 930 3225 iar
952 3152 1072 3250 hegen
1097 3149 1148 3224 foi
1172 3151 1209 3224 in
1235 3151 1337 3226 vnfer
1359 3153 1493 3233 frawen

193 3272 425 3371 pfarkirchen
465 3293 533 3347 vor
566 3269 859 3345 HEfNRiCHEN
895 3273 966 3345 dez
1003 3269 1209 3345 STUPFEN
1246 3272 1337 3346 altar
1370 3276 1417 3349 da
1442 3276 1489 3349 afl

193 3396 295 3470 mein
326 3395 465 3469 vodern
498 3391 686 3487 begraben¹
718 3391 792 3463 find
825 3389 898 3462 und
929 3391 995 3464 der
1018 3391 1065 3463 da
1088 3387 1155 3461 leit
1180 3388 1216 3460 in
1242 3391 1306 3463 der
1331 3389 1492 3477 abseiten

194 3535 267 3612 gen
292 3515 356 3588 der
379 3511 485 3585 Schui
515 3513 560 3586 du
593 3508 657 3584 der
680 3509 754 3584 lieb
785 3509 876 3584 Hert
899 3515 991 3584 saud
1016 3511 1159 3582 thomas
1183 3505 1251 3580 auf
1270 3511 1408 3584 rastend
1430 3510 1494 3601 ist,

195 3638 283 3710 oder
317 3653 386 3708 wo
416 3633 481 3706 dez
511 3630 571 3704 die
604 3628 772 3704 nechsten
802 3626 931 3704 freund
969 3629 1028 3702 die
1051 3631 1122 3701 dez
1146 3629 1330 3722 Selgeretz
1354 3625 1496 3724 pfleger

194 3755 269 3829 frnd
302 3753 423 3852 genad
455 3751 599 3825 habend
630 3773 673 3823 ze
702 3751 822 3846 hegen
853 3748 898 3820 da
923 3749 1013 3821 oder
1038 3747 1232 3824 anderfwo
1257 3747 1382 3823 durieh
1408 3751 1493 3823 aller

197 3875 337 3949 meiner
361 3875 518 3946 vordero
545 3873 620 3944 vnti
645 3871 880 3946 Nacnkomen
899 3869 972 3941 vnd
996 3868 1084 3941 aller
1105 3867 1322 3968 geltubigen
1348 3867 1394 3941 fef
1418 3869 1494 3943 wil·

195 3996 276 4075 len,
307 3995 378 4069 dez
410 3991 557 4066 nachtes
590 3989 657 4063 nrit
691 3991 795 4063 einer
819 3988 971 4084 Vigily‚
1003 3990 1072 4063 dez
1103 4010 1276 4086 mergens
1301 3989 1368 4062 mit
1391 3989 1496 4063 einer

193 4115 429 4217 gefungenen
454 4106 620 4199 Selmeff,
644 4107 717 4185 und
741 4109 860 4205 dabey
884 4108 995 4187 fullen
1019 4110 1154 4187 allizeit
1178 4112 1251 4186 fein
1276 4109 1341 4185 der
1356 4104 1496 4301 psfaLrer

1387 4229 1420 4302 ef
