3302 4740
168 395 249 500 364
493 385 750 475 Continuatio
780 385 1137 481 Monumentorum

165 605 317 706 virginis
341 603 454 682 Marie
478 605 583 704 supra
604 608 796 686 nominata
818 611 986 689 lundaret
1010 581 1154 694 missam
1180 619 1227 696 ad
1249 621 1396 702 laudem
1421 642 1462 708 et

164 727 319 826 gloriam
349 725 614 820 omnipotentis
644 729 704 803 dei
736 731 940 806 beatissime
968 736 1156 830 genitricis
1185 739 1245 814 sue
1275 745 1461 842 totiusque

107 891 110 898 .
166 846 265 921 curie
296 844 457 920 eoelestis
486 847 741 941 triumphantis
772 849 821 924 ob
852 849 1003 928 salutem
1035 871 1074 930 et
1104 859 1307 934 remedium
1337 867 1460 940 anime

165 961 227 1038 sue
250 983 294 1039 ac
324 965 488 1040 omnium
517 961 717 1038 animarum
741 971 1019 1063 progenitorum
1051 992 1091 1047 et
1123 973 1355 1054 successorum
1385 981 1458 1058 suo

32 1075 35 1081 ’
147 1105 247 1161 ¹rum
270 1103 382 1182 atque
404 1081 567 1158 omnium
591 1080 708 1157 christi
732 1083 892 1162 bdelium
917 1083 1170 1165 detunctorum
1203 1095 1242 1167 in
1267 1099 1387 1174 Alteri
1423 1103 1466 1181 ln

164 1206 342 1280 honorem
367 1202 502 1275 eximie
524 1202 675 1300 virginis
700 1202 819 1280 sancte
845 1206 1042 1284 Katherine
1072 1207 1111 1285 in
1139 1208 1282 1306 prelata
1315 1219 1465 1298 ecclelia

164 1323 332 1398 edilicero
356 1321 512 1396 cottidie
534 1323 800 1413 celebrandam,
826 1345 935 1422 quam
960 1325 1009 1402 lie
1032 1349 1082 1403 ex
1104 1331 1229 1404 relicta
1251 1347 1290 1408 et
1310 1339 1466 1416 comissa

163 1442 294 1518 vltima
318 1441 508 1516 voluntate
530 1441 723 1518 innituerit
745 1464 791 1516 ae
814 1445 862 1518 de
885 1443 992 1519 bonis
1016 1445 1079 1520 sibi
1117 1469 1184 1544 per
1214 1456 1371 1528 eundem
1403 1459 1466 1532 de·

125 1583 127 1588 ·
163 1560 325 1635 sunctum
350 1561 485 1636 relictis
517 1581 585 1656 pro
609 1582 682 1636 vno
707 1562 918 1655 presbitero
941 1561 1003 1638 seu
1027 1567 1226 1662 capellano
1252 1571 1385 1646 ibidem
1410 1593 1465 1649 te-

163 1684 285 1757 nendo
310 1681 455 1777 copiose
480 1681 663 1752 dotauerit
690 1677 996 1774 presentationem
1028 1686 1208 1779 capellani
1241 1688 1338 1762 dicte
1362 1689 1463 1765 misse

162 1798 351 1876 licentiam
383 1797 484 1892 Juril
512 1797 742 1891 presentandi
778 1797 841 1872 libi
872 1793 1096 1894 JOHANNI
1128 1805 1288 1898 plebano
1322 1824 1361 1880 et
1393 1809 1463 1883 suis

163 1916 420 1994 successoribus
446 1915 549 1990 iuxta
574 1916 742 1991 ultimam
765 1918 993 1990 voluntatem
1019 1916 1128 2014 ipsius
1152 1919 1315 1998 defuncti
1329 1926 1464 2021 prelati

162 2037 346 2113 rcl'ermns
372 2035 426 2110 lta
449 2037 622 2112 videlieet
646 2037 745 2130 quod
768 2036 954 2130 predictus
975 2035 1154 2131 plebanus
1179 2059 1217 2115 et
1245 2044 1464 2122 successores

36 2214 43 2231 .
163 2156 215 2232 sui
239 2157 437 2254 capellano
462 2177 530 2253 pro
554 2172 723 2252 tempore
746 2152 913 2227 existenti
935 2157 1127 2228 decedenti
1153 2161 1209 2230 vel
1230 2163 1374 2237 cedenti
1400 2168 1465 2239 ali·

163 2299 227 2353 nm
250 2277 436 2370 ydoneum
455 2275 699 2370 presbiterum
715 2273 763 2348 ed
775 2269 1061 2346 confirmandum
1076 2275 1291 2350 Reverendo
1310 2281 1348 2352 in
1363 2279 1463 2354 Chri-

163 2399 216 2470 sto
246 2395 338 2490 patri
373 2377 537 2467 Domino
567 2393 729 2468 Domino
763 2388 942 2487 Episcopo
975 2391 1122 2466 ecclesie
1155 2393 1368 2494 lrilingensrs
1399 2400 1461 2475 vel

165 2516 243 2592 eins
266 2512 403 2588 vicario
427 2513 466 2586 in
490 2510 730 2609 spiritualibus
753 2511 916 2605 generali
940 2510 1008 2584 suis
1022 2511 1152 2585 litteris
1168 2517 1376 2604 patentibus
1401 2519 1462 2594 vel

163 2634 242 2707 aliis
268 2633 435 2728 legitime
467 2648 505 2707 vt
535 2631 647 2705 anons
671 2645 728 2702 est
761 2631 869 2725 pleno
902 2627 994 2727 Jure
1030 2631 1104 2704 sine
1137 2631 1304 2727 quolibet
1334 2634 1484 2712 illicito⁴

165 2769 352 2827 contractu
378 2753 435 2824 vel
461 2755 680 2844 Symortiaca
708 2748 889 2846 pronitate
919 2745 1013 2823 insta
1036 2769 1179 2844 ternpus
1209 2753 1347 2851 aJure
1371 2754 1460 2827 dilli-

165 2867 281 2942 nitunr
307 2866 513 2962 presentare
536 2869 675 2960 possint
705 2885 743 2941 et
768 2869 914 2942 valeant
937 2881 1048 2962 prout
1081 2869 1150 2940 lree
1180 2886 1219 2942 et
1250 2871 1320 2944 alia
1357 2871 1462 2964 plura

165 3005 332 3062 necnon
355 2983 452 3056 bona
476 2985 521 3057 ad
546 2983 659 3078 ipsam
686 3001 901 3077 perpetuam
925 2982 1071 3058 missam
1102 2987 1236 3060 donata
1264 2988 1302 3058 iu
1327 2987 1460 3064 litteris

167 3103 366 3180 dotationis
390 3103 542 3199 desuper
567 3101 742 3176 consectis
761 3102 905 3198 plenius
920 3101 1162 3179 eontinentur,
1187 3117 1362 3196 quatenus
1379 3129 1460 3202 pre-

165 3223 263 3298 dicte
285 3237 465 3318 perpetue
492 3221 596 3297 misse
620 3221 882 3296 institutionem
906 3217 1170 3316 presbiterique
1193 3221 1460 3298 ordinationem

165 3339 391 3415 dotationem
417 3359 455 3414 et
484 3343 592 3437 ipsius
615 3341 896 3414 celebrationem
931 3335 1127 3410 admittere
1160 3355 1199 3409 et
1232 3361 1279 3410 ex
1315 3339 1459 3434 speciali

166 3463 284 3558 gratia
307 3481 345 3536 et
369 3457 493 3535 fauore
516 3459 730 3532 confirmare
753 3457 996 3555 dignaremur.
1044 3455 1118 3526 Nos
1147 3453 1260 3551 igitur
1291 3463 1456 3536 volentes

166 3580 344 3654 laudrrbile
367 3578 497 3672 prefati
525 3577 680 3675 magillri
707 3577 800 3651 Petri
830 3578 869 3650 in
893 3571 1043 3648 domino
1067 3575 1297 3668 propositum
1321 3575 1458 3653 sartura·

165 3700 287 3771 biliter
311 3717 529 3793 promouere
546 3698 711 3791 predicte
724 3697 830 3766 misse
849 3690 1076 3765 dotationem
1093 3689 1342 3768 fundationem
1357 3716 1458 3791 pres-

164 3819 323 3912 birrique
346 3815 606 3890 institutionem
627 3831 665 3886 et
689 3810 794 3887 misse
817 3809 946 3885 diebus
978 3809 1123 3904 iugulis
1146 3812 1249 3885 iuxta
1273 3811 1457 3894 literarum

166 3936 418 4012 lundationem
455 3951 493 4007 et
532 3934 761 4009 dotationem
804 3927 1071 4018 continentium
1106 3929 1387 4010 celebrationem
1420 3937 1458 4014 in

150 4055 335 4132 ¹omnibus
358 4051 426 4128 suis
451 4049 611 4127 clausulis
635 4067 672 4124 et
696 4048 864 4145 capitulis
895 4061 934 4123 et
957 4047 1099 4146 punctis
1130 4047 1327 4127 autoritate
1351 4056 1456 4130 nobis

1258 4171 1408 4246 coritissa
