3298 4738
226 473 304 559 19²
541 430 798 524 Continnotio
826 428 1186 522 Monumentomm

221 661 359 752 Num.
388 649 669 744 CLXXVI.
742 595 1049 742 Confirmatio
1085 653 1380 769 Episcopalis
1416 693 1518 780 per.

333 814 506 912 petuae
533 792 700 876 missae
738 821 765 874 a
793 787 978 908 Jonnne
1005 787 1154 905 Stupf
1171 787 1405 884 fundatae.

711 923 854 1011 Anno
888 953 1005 1038 1419.
1507 919 1509 926 X

308 1135 526 1209 badaradus
550 1128 610 1206 dei
635 1127 751 1225 gratis
777 1125 974 1226 Episcopus
999 1131 1176 1206 Ecclebse
1196 1133 1424 1226 Frilingenlir
1448 1149 1519 1213 etc.

341 1253 519 1327 Uniuerlrs
552 1267 590 1324 et
624 1248 765 1346 lingulis
790 1248 853 1319 bas
879 1249 1017 1324 Literas
1041 1249 1254 1345 inspecturis
1287 1255 1446 1330 Salutem
1481 1255 1522 1330 in

218 1376 375 1452 domino
410 1370 666 1465 sempiternam
689 1365 849 1472 Discreti
883 1367 950 1440 viri
994 1373 1170 1447 JOAllllls·
1200 1377 1333 1440 STUPH
1367 1374 1520 1472 ¹opidani

219 1497 377 1566 MONAcl
407 1489 488 1562 laici
521 1487 639 1560 nostre
663 1471 811 1558 diocesis
835 1482 995 1556 exhibita
1021 1485 1126 1556 nobis
1149 1489 1281 1580 petitio
1306 1490 1520 1564 continebat

220 1612 317 1710 quod
343 1629 425 1681 curn
451 1600 526 1700 ipse
551 1605 590 1679 in
617 1599 719 1676 altari
745 1601 868 1673 Sancti
892 1600 1138 1677 bartholomei
1161 1606 1199 1680 in
1225 1607 1371 1679 ecclesia
1395 1606 1526 1685 s’urro·¹

218 1729 325 1805 chiali
351 1725 459 1799 beate
485 1722 598 1796 blarie
622 1716 774 1815 virginis
798 1723 955 1786 blONACl
979 1720 1128 1806 btuuro,
1151 1723 1197 1796 ad
1218 1725 1360 1798 laudern
1376 1743 1414 1796 et
1437 1723 1517 1818 glo·

215 1853 309 1926 riam
333 1838 598 1938 omnipotentis
623 1838 682 1912 dei
707 1831 904 1907 beutissirne
927 1837 1112 1930 genitricis
1136 1835 1197 1911 sue
1223 1841 1371 1939 virginis
1387 1839 1516 1922 Mario,

216 1967 403 2060 totiusque
427 1959 525 2031 curie
547 1955 685 2028 celestis
709 1953 993 2048 triumphantis,
1016 1955 1065 2030 ob
1088 1953 1237 2030 sulutem
1262 1976 1299 2028 et
1313 1959 1516 2034 remedium

217 2088 340 2162 anime
374 2081 434 2152 sue
458 2074 734 2172 progenitorum
760 2088 798 2144 et
822 2067 1054 2146 successorum
1081 2071 1222 2146 suorum
1248 2095 1356 2148 snam
1383 2094 1515 2168 perpe·

215 2223 318 2280 tuam
356 2190 492 2271 Milium
528 2188 676 2286 plebani
711 2187 854 2275 ibidem.
874 2192 1072 2270 accedente
1095 2190 1285 2267 conscensu
1309 2190 1516 2268 lundauerit

216 2314 414 2418 perfecerit
446 2326 484 2386 et
517 2311 564 2384 de
597 2303 756 2403 propr-ijs
791 2306 859 2379 suis
894 2307 1000 2381 bonis
1024 2327 1103 2404 ¹pro
1136 2329 1210 2383 vno
1231 2311 1428 2404 presbitero
1453 2307 1515 2386 seu

214 2435 413 2536 capellano
436 2446 618 2526 perpetuo
652 2425 788 2498 ibidem
820 2425 982 2502 tenendo
1010 2425 1156 2522 copiose
1180 2426 1361 2502 doteuerit
1384 2423 1515 2524 Juspa·

213 2571 381 2634 monatus
405 2547 467 2622 srbi
491 2565 529 2620 ot
553 2540 743 2618 heredibus
766 2540 836 2616 suis
852 2541 1042 2617 masculini
1065 2545 1232 2642 generis,
1261 2545 1345 2642 ipsis
1368 2547 1407 2618 in
1434 2546 1512 2622 vita

216 2667 475 2753 exilientibus,
499 2678 537 2738 et
562 2660 791 2758 postmodum
816 2662 870 2736 eis
892 2662 1152 2738 decedentibus
1175 2663 1376 2737 consulibus
1401 2663 1514 2760 etlu-

214 2792 303 2872 rotis
327 2784 426 2884 opidi
452 2781 618 2879 prelibati
650 2775 843 2854 retinendo
868 2780 997 2876 ltaque
1019 2778 1095 2874 ipse
1119 2777 1166 2854 od
1189 2779 1269 2852 dies
1293 2783 1369 2856 vite
1391 2781 1450 2855 sue
1474 2799 1514 2858 et

214 2909 370 2987 heredes
404 2900 453 2975 sui
484 2896 616 2995 prefati
649 2898 688 2974 in
720 2912 940 2995 perpetuum
974 2895 1133 2971 debeant
1162 2913 1200 2970 et
1223 2893 1349 2990 possint
1372 2901 1512 2973 totiens

215 3023 386 3124 quotiens
409 3015 523 3114 ipsam
550 3012 688 3090 Missam
713 3034 844 3090 vacare
867 3013 1085 3112 contigerit,
1109 3013 1248 3112 eligere
1271 3013 1511 3111 presbiteram

214 3147 398 3242 ydoneum
436 3151 475 3210 et
513 3133 724 3213 discretum,
770 3134 1001 3228 eundemque
1039 3131 1145 3208 nobis
1181 3150 1220 3205 et
1258 3130 1511 3208 successoribus

69 3257 70 3262 ‘
213 3260 339 3341 nolitis
361 3251 454 3329 insrn
479 3251 642 3326 debitum
665 3265 811 3346 tempas
835 3245 857 3321 d
878 3246 972 3346 June
996 3249 1187 3326 diffinitum
1213 3248 1420 3343 presentare
1445 3273 1511 3344 pes

213 3382 283 3458 bos
304 3377 351 3449 ad
376 3371 507 3446 dictam
533 3365 669 3443 miffem
693 3367 950 3444 instituendum
974 3385 1083 3464 prout
1105 3367 1144 3441 iu
1168 3367 1313 3442 Litteris
1331 3366 1513 3444 fundatio·

62 3541 65 3548 ι
215 3497 274 3576 nis
298 3510 337 3568 et
358 3489 556 3564 dotationis
580 3483 733 3580 desuper
757 3487 934 3560 conlectis
960 3487 1104 3582 plenius
1120 3485 1511 3582 contineturquatenus

213 3615 312 3694 dicte
338 3603 439 3683 dille
461 3602 711 3680 fundationem
735 3619 774 3676 et
797 3604 1052 3695 dotationem,
1084 3605 1344 3700 presbiterique
1370 3608 1510 3684 ordina·

214 3733 355 3807 tionem
380 3740 419 3798 et
444 3718 544 3798 Mrffe
567 3720 850 3797 celebrationem
874 3721 1068 3796 admittere
1091 3739 1129 3798 et
1153 3745 1200 3797 ex
1225 3722 1367 3819 speciali
1392 3725 1509 3820 gratia

212 3848 427 3930 uortfirmare
450 3840 695 3939 dignaremur.
743 3839 819 3912 Nos
843 3840 955 3938 igitur
979 3842 1147 3916 volentes
1169 3840 1508 3938 presariiollollllls

212 3965 437 4071 propositum
462 3959 500 4033 in
524 3955 673 4034 domiuo
698 3953 946 4034 fauorabilitcr
975 3961 1193 4056 promodere
1215 3959 1379 4055 predicte
1402 3955 1510 4036 ulisse

212 4081 429 4164 fundationis
448 4077 646 4156 dotationis
665 4075 855 4172 presbiteri
873 4093 913 4153 et
925 4075 1026 4157 misse
1044 4079 1260 4158 celebrande
1272 4076 1508 4157 institutionis

1367 4219 1451 4276 con·
