3264 4812
464 407 678 500 Ecclesiae
706 406 752 496 ad
780 405 837 496 D.
865 405 1086 522 Virginem.
1249 366 1252 372 s
1354 414 1436 520 685

20 623 23 628 ¹
136 629 270 726 Num.
295 626 640 727 CCCLXXV.
696 629 1034 748 Exspectativa
1058 662 1083 717 a
1108 625 1233 746 Papa
1257 627 1424 718 collata

296 745 357 831 ad
385 747 581 865 quodvis
612 739 925 839 Beneficium.
980 742 1123 829 Anno
1158 764 1274 857 1485.

221 917 482 996 LEXANDER
509 914 848 1014 episcopusservus
872 911 1056 988 servorum
1076 911 1148 986 lJei
1172 911 1322 990 Dilecto
1336 913 1430 991 silio

235 1012 668 1108 MagistrohillJOUlcO
683 1007 952 1084 runcatione
963 1005 1135 1103 ,tanna
1148 1007 1280 1082 clerico
1293 1011 1431 1084 Padua-

131 1107 230 1179 nensi
252 1107 374 1200 legum
389 1106 541 1181 Doctori
556 1103 710 1182 Notario
735 1122 772 1177 et
797 1101 962 1176 familiari
982 1101 1272 1175 nonrosatutem
1291 1121 1330 1177 et
1343 1122 1433 1198 apo-

130 1198 292 1273 stolicam
316 1201 623 1275 benedictionem.
650 1198 760 1270 Grata
782 1193 990 1269 deuotionis
1021 1214 1058 1268 et
1088 1192 1344 1270 familiaritatis
1369 1195 1434 1270 ob·

128 1289 253 1387 lequia
274 1313 347 1388 que
362 1295 466 1368 nobis
481 1311 518 1367 et
534 1291 739 1387 apostolice
763 1287 837 1362 sedi
862 1287 1037 1361 hactenus
1066 1288 1271 1383 impendisti
1306 1305 1344 1361 et
1369 1292 1435 1364 ad·

133 1386 205 1458 huc
224 1384 369 1458 solicitis
394 1387 516 1461 studiis
540 1384 754 1481 impendere
778 1381 1020 1469 nondesislis,
1047 1403 1113 1455 nec
1139 1402 1211 1454 non
1228 1383 1434 1459 litterarum

131 1477 299 1563 scientia,
324 1479 403 1553 uite
426 1499 629 1554 aemorum
654 1476 838 1565 honestas,
863 1475 1007 1568 aliaque
1031 1474 1224 1550 laudabilia
1239 1476 1434 1570 probitatis

131 1586 170 1643 et
195 1570 368 1646 uirtutum
394 1573 547 1660 merita,
578 1571 709 1667 quibus
733 1569 924 1664 personam
949 1585 1050 1642 tuam
1075 1585 1152 1640 tana
1176 1567 1343 1642 similiari
1368 1590 1436 1642 ex·

131 1665 311 1758 parientia
334 1684 445 1760 quam
470 1667 582 1740 etiarn
607 1663 680 1739 lide
704 1664 897 1760 dignorum
923 1661 1140 1736 testimoniis
1169 1659 1284 1735 iuuari
1310 1683 1436 1759 perce·

131 1758 252 1922 fliium
277 1779 343 1832 nos
366 1758 570 1848 inducunt,
604 1777 644 1832 ut
678 1759 744 1831 tibi
776 1757 969 1831 reddamur
993 1758 1039 1829 ad
1071 1758 1228 1853 gratiam
1253 1755 1437 1829 liberales.

169 1851 227 1922 inc
251 1851 302 1923 est
327 1857 426 1947 quod
451 1875 544 1941 nos,
579 1853 641 1948 qui
667 1855 803 1926 dudum
835 1850 932 1923 inter
955 1848 1025 1922 alia
1050 1848 1251 1934 noluimus,
1285 1847 1438 1945 quodsi

132 1943 231 2016 cotin
264 1963 341 2019 eret
365 1945 470 2020 alicui
496 1951 542 2022 de
566 1946 780 2042 parrochiali
796 1945 942 2019 ecclesia
967 1943 1162 2037 prouidere
1176 1940 1235 2015 seu
1251 1940 1439 2035 prouideri

133 2055 219 2110 man
247 2060 309 2112 are
327 2041 385 2112 vel
408 2043 565 2136 gratiam
591 2039 872 2136 Expectativam
896 2037 1121 2120 concedere,
1145 2034 1208 2108 nist
1232 2036 1332 2110 dicta
1355 2054 1447 2131 pera·

133 2127 218 2202 soua
232 2132 454 2222 intelligeret
478 2152 516 2207 et
539 2135 819 2232 intelligibiliter
833 2131 934 2226 loqui
950 2129 1073 2216 sciret,
1097 2128 1235 2202 idioma
1259 2129 1353 2220 loci,
1375 2127 1438 2202 ubi

133 2222 281 2297 ecclesia
305 2223 512 2302 huiusmodi
536 2227 760 2316 consisteret,
792 2225 950 2322 provisio
976 2221 1037 2297 scu
1060 2221 1272 2297 mandatum
1296 2240 1336 2297 et
1356 2241 1441 2318 gra·

134 2315 187 2389 tia
212 2317 387 2485 desuper,
422 2324 543 2416 quoad
573 2322 836 2418 parrochialem
869 2315 1053 2394 ecclesiam
1077 2314 1208 2391 nullius
1238 2313 1356 2391 essent
1380 2337 1440 2390 ro·

135 2408 234 2483 boris
260 2431 306 2485 ue
344 2417 539 2501 momenti,
564 2417 730 2490 colentes
754 2413 844 2502 tibi,
867 2413 931 2510 qui
956 2409 1069 2486 etiam
1094 2409 1245 2506 scriptor
1268 2426 1306 2483 et
1330 2409 1441 2485 cubi·

136 2504 291 2579 cularius
315 2525 360 2581 ac
390 2509 582 2583 continuus
616 2508 831 2586 comensalis
863 2505 983 2582 noster
1004 2504 1148 2590 existis,
1181 2503 1441 2598 premissorum

138 2594 394 2691 obsequiorum
433 2620 471 2675 er
514 2604 725 2678 meritorum
771 2619 918 2676 tuorum
958 2599 1093 2674 intuitu
1132 2596 1287 2692 gratiam
1317 2596 1441 2672 sacere

138 2687 355 2796 specialem,
385 2710 498 2790 teque
529 2716 551 2770 a
576 2698 781 2792 quibusque
803 2691 1216 2772 excommunicationis,
1250 2689 1444 2787 suspensio·

138 2803 196 2857 nts
221 2805 259 2858 et
284 2786 470 2864 interdicti
494 2789 650 2885 aliisque
671 2788 912 2865 ecclesiasticis
936 2784 1123 2861 sententiis
1146 2783 1302 2859 censuris
1321 2801 1360 2856 et
1378 2805 1443 2879 pe·

139 2877 200 2950 nis
224 2898 246 2952 a
271 2879 349 2953 iure
372 2884 431 2955 uel
464 2885 510 2957 ab
546 2883 693 2958 homine
726 2882 855 2979 quartis
888 2881 1074 2955 occasione
1107 2881 1165 2951 nel
1191 2874 1302 2952 ‘causa
1338 2877 1442 2971 latis,

137 2967 163 3042 st
188 2972 317 3065 quibus
342 2977 618 3068 quomodolibet
639 2977 834 3053 innodatus
858 2975 1001 3061 exiliis,
1033 2974 1081 3046 ad
1104 2967 1273 3046 ellectum
1298 2971 1444 3067 presen-

127 3063 233 3137 'tium
259 3068 436 3142 duntaxat
448 3069 737 3164 consequendum
763 3071 889 3145 barum
915 3067 1004 3141 serie
1027 3065 1255 3138 absoluentes
1280 3082 1318 3138 et
1341 3063 1444 3139 abso·

140 3155 258 3231 lutum
282 3161 361 3236 sore
384 3160 571 3237 censentes
597 3165 702 3236 Motu
727 3161 878 3257 proprio
903 3182 977 3234 non
1000 3161 1047 3236 ad
1079 3176 1178 3232 tuam
1204 3159 1262 3230 uel
1295 3158 1444 3233 alterius

141 3267 210 3417 Rro
233 3266 272 3323 te
296 3258 401 3328 nobis
425 3257 531 3348 super
554 3261 622 3328 hoc
647 3257 769 3331 oblate
817 3254 979 3329 etitionis
1002 3251 1207 3326 instantiam
1231 3249 1292 3324 sed
1316 3252 1362 3325 de
1380 3274 1446 3326 no-

173 3361 211 3417 ra
234 3363 334 3420 mera
358 3347 577 3422 liberalitate
608 3368 723 3422 vnum
746 3277 916 3424 uei‘lluo
941 3343 1155 3421 beneficium
1182 3343 1241 3418 seu
1266 3343 1447 3422 beneficia

144 3437 418 3516 ecclesiasticum
443 3445 502 3516 uei
525 3440 780 3529 ecclesiastica,
805 3441 913 3514 etiair
937 3441 961 3514 sr
986 3441 1139 3513 alterum
1156 3459 1237 3512 cum
1253 3458 1358 3522 cura,
1382 3455 1446 3514 aut

142 3533 352 3609 Decanatus
379 3538 437 3609 uel
460 3534 854 3640 Archiprcsbyteratus
878 3534 1026 3620 ruralis,
1051 3531 1109 3606 seu
1135 3531 1281 3607 Vinaria
1306 3535 1364 3605 uel
1381 3537 1448 3609 ca·

146 3631 306 3724 pellenia
320 3645 501 3721 perpetua
525 3649 589 3722 qur
617 3631 674 3701 uel
699 3651 772 3725 qne
796 3629 958 3726 dignitas
975 3627 1087 3701 etiam
1117 3640 1241 3701 curata
1266 3643 1369 3700 extra
1393 3643 1449 3701 ta-

146 3743 232 3797 men
256 3725 508 3794 cathedralem
536 3722 720 3794 ecclesiam
746 3741 957 3814 reputetur,
981 3720 1040 3794 seu
1058 3719 1218 3817 dignitas
1244 3721 1301 3793 uel
1326 3720 1447 3815 perso-

145 3836 254 3893 natus
277 3815 315 3888 in
330 3815 538 3888 cathedrali
565 3815 621 3887 uel
647 3815 851 3908 collegiata
876 3816 935 3888 seu
962 3814 998 3884 in
1023 3813 1151 3886 eadem
1166 3813 1370 3886 cathedrali
1385 3828 1451 3890 aut

145 3913 337 4010 quodlibet
360 3929 486 3981 ericum
510 3906 547 3980 in
563 3907 773 4003 Collegiata
796 3908 1037 3984 canonicatus
1062 3924 1099 3979 er
1123 3905 1310 4001 prebenda
1334 3905 1393 3979 seu
1410 3908 1451 3986 in

148 4005 281 4082 eisdem
307 4001 457 4077 ecclesiis
483 4001 746 4077 administratio
774 4005 832 4078 uel
857 4000 1015 4076 officium
1044 4001 1186 4108 integra
1219 4001 1274 4072 uel
1301 3999 1453 4078 dimidia

148 4099 271 4196 portio
296 4096 425 4169 inerit.
450 4111 486 4167 et
511 4099 556 4171 ad
573 4097 797 4191 dignitatem
811 4099 1041 4197 personatum
1054 4092 1379 4168 administrationes
1394 4097 1455 4172 uel

152 4191 272 4268 cilicia
294 4191 498 4265 huiustnodi
523 4191 789 4277 consueuerint
815 4194 877 4294 qui
900 4214 964 4292 per
988 4186 1370 4270 electionemassumi,
1393 4211 1456 4265 eo·

1312 4300 1408 4363 tum·
