<?xml version="1.0" encoding="UTF-8"?>
<!DOCTYPE html PUBLIC "-//W3C//DTD XHTML 1.0 Transitional//EN"
    "http://www.w3.org/TR/xhtml1/DTD/xhtml1-transitional.dtd">
<html xmlns="http://www.w3.org/1999/xhtml" xml:lang="en" lang="en">
 <head>
  <title>
</title>
<meta http-equiv="Content-Type" content="text/html;charset=utf-8" />
  <meta name='ocr-system' content='tesseract 3.04.00' />
  <meta name='ocr-capabilities' content='ocr_page ocr_carea ocr_par ocr_line ocrx_word'/>
</head>
<body>
  <div class='ocr_page' id='page_1' title='image "./monumentaboicae11landgoog_0656.png"; bbox 0 0 3264 4812; ppageno 0'>
   <div class='ocr_carea' id='block_1_1' title="bbox 235 364 1201 495">
    <p class='ocr_par' dir='ltr' id='par_1_1' title="bbox 235 364 1201 495">
     <span class='ocr_line' id='line_1_1' title="bbox 235 364 1201 495; baseline -0.009 -23"><span class='ocrx_word' id='word_1_1' title='bbox 235 388 318 495; x_wconf 80' lang='lat'><strong>644</strong></span> <span class='ocrx_word' id='word_1_2' title='bbox 380 364 381 372; x_wconf 11' lang='grc' dir='ltr'><strong><em>Ν</em></strong></span> <span class='ocrx_word' id='word_1_3' title='bbox 557 376 815 466; x_wconf 84' lang='lat' dir='ltr'><strong>Continuatio</strong></span> <span class='ocrx_word' id='word_1_4' title='bbox 844 372 1201 464; x_wconf 81' lang='lat' dir='ltr'><strong>lllonumentorum</strong></span> 
     </span>
    </p>
   </div>
   <div class='ocr_carea' id='block_1_2' title="bbox 167 595 1626 4123">
    <p class='ocr_par' dir='ltr' id='par_1_2' title="bbox 167 595 1626 4123">
     <span class='ocr_line' id='line_1_2' title="bbox 224 595 1525 705; baseline -0.005 -23"><span class='ocrx_word' id='word_1_5' title='bbox 224 601 399 705; x_wconf 89' lang='lat' dir='ltr'><strong>prouidus</strong></span> <span class='ocrx_word' id='word_1_6' title='bbox 430 595 535 678; x_wconf 87' lang='lat' dir='ltr'><strong>nobis</strong></span> <span class='ocrx_word' id='word_1_7' title='bbox 570 602 723 678; x_wconf 87' lang='lat' dir='ltr'><strong>dilectus</strong></span> <span class='ocrx_word' id='word_1_8' title='bbox 755 601 814 678; x_wconf 89' lang='lat' dir='ltr'>W</span> <span class='ocrx_word' id='word_1_9' title='bbox 820 600 1083 677; x_wconf 73' lang='lat' dir='ltr'><strong>Alslllnsnlt</strong></span> <span class='ocrx_word' id='word_1_10' title='bbox 1121 597 1288 674; x_wconf 75' lang='lat' dir='ltr'><strong>lllllLlill</strong></span> <span class='ocrx_word' id='word_1_11' title='bbox 1328 601 1525 697; x_wconf 77' lang='lat' dir='ltr'>opidanus</span> 
     </span>
     <span class='ocr_line' id='line_1_3' title="bbox 225 695 1525 774; baseline -0.002 -2"><span class='ocrx_word' id='word_1_12' title='bbox 225 699 447 774; x_wconf 80' lang='lat' dir='ltr'><strong>monscensrs</strong></span> <span class='ocrx_word' id='word_1_13' title='bbox 473 699 589 770; x_wconf 88' lang='lat' dir='ltr'><strong>nollre</strong></span> <span class='ocrx_word' id='word_1_14' title='bbox 614 697 762 770; x_wconf 72' lang='lat' dir='ltr'><strong>diocesis</strong></span> <span class='ocrx_word' id='word_1_15' title='bbox 790 696 902 768; x_wconf 68' lang='lat' dir='ltr'><strong>litlelis</strong></span> <span class='ocrx_word' id='word_1_16' title='bbox 925 696 1041 768; x_wconf 90' lang='lat' dir='ltr'><strong>noller</strong></span> <span class='ocrx_word' id='word_1_17' title='bbox 1073 695 1285 767; x_wconf 84' lang='lat' dir='ltr'>relationem</span> <span class='ocrx_word' id='word_1_18' title='bbox 1312 697 1525 769; x_wconf 78' lang='lat' dir='ltr'><strong>monstrauit</strong></span> 
     </span>
     <span class='ocr_line' id='line_1_4' title="bbox 229 787 1525 900; baseline -0.005 -30"><span class='ocrx_word' id='word_1_19' title='bbox 229 793 393 870; x_wconf 71' lang='lat' dir='ltr'><strong>Qualiter</strong></span> <span class='ocrx_word' id='word_1_20' title='bbox 427 793 503 900; x_wconf 83' lang='lat' dir='ltr'><strong>ipse</strong></span> <span class='ocrx_word' id='word_1_21' title='bbox 535 811 688 865; x_wconf 86' lang='lat' dir='ltr'><strong>vuncum</strong></span> <span class='ocrx_word' id='word_1_22' title='bbox 724 790 937 862; x_wconf 80' lang='lat' dir='ltr'><strong>GEOllGlO</strong></span> <span class='ocrx_word' id='word_1_23' title='bbox 973 809 1010 861; x_wconf 90' lang='lat' dir='ltr'><strong>et</strong></span> <span class='ocrx_word' id='word_1_24' title='bbox 1046 787 1309 862; x_wconf 78' lang='lat' dir='ltr'><strong>lunu&#39;tlsco</strong></span> <span class='ocrx_word' id='word_1_25' title='bbox 1348 790 1525 862; x_wconf 77' lang='lat' dir='ltr'><strong>llllJLsR</strong></span> 
     </span>
     <span class='ocr_line' id='line_1_5' title="bbox 167 881 1529 978; baseline 0 -19"><span class='ocrx_word' id='word_1_26' title='bbox 167 917 169 920; x_wconf 62' lang='grc'>’</span> <span class='ocrx_word' id='word_1_27' title='bbox 221 884 410 971; x_wconf 82' lang='lat' dir='ltr'><strong>fratribus,</strong></span> <span class='ocrx_word' id='word_1_28' title='bbox 436 884 505 956; x_wconf 89' lang='lat' dir='ltr'><strong>luis</strong></span> <span class='ocrx_word' id='word_1_29' title='bbox 532 882 806 978; x_wconf 83' lang='lat' dir='ltr'><strong>conl&#39;anquineis</strong></span> <span class='ocrx_word' id='word_1_30' title='bbox 823 881 910 953; x_wconf 84' lang='lat' dir='ltr'><strong>Zelo</strong></span> <span class='ocrx_word' id='word_1_31' title='bbox 934 883 1146 958; x_wconf 80' lang='lat' dir='ltr'><strong>deuociottis</strong></span> <span class='ocrx_word' id='word_1_32' title='bbox 1171 881 1308 960; x_wconf 63' lang='lat' dir='ltr'><strong>arcens</strong></span> <span class='ocrx_word' id='word_1_33' title='bbox 1332 883 1529 975; x_wconf 69' lang='lat' dir='ltr'><strong>cupiente!</strong></span> 
     </span>
     <span class='ocr_line' id='line_1_6' title="bbox 221 975 1528 1058; baseline -0.002 -6"><span class='ocrx_word' id='word_1_34' title='bbox 221 994 365 1052; x_wconf 83' lang='lat' dir='ltr'><strong>terrene</strong></span> <span class='ocrx_word' id='word_1_35' title='bbox 391 979 428 1050; x_wconf 93' lang='lat' dir='ltr'><strong>iu</strong></span> <span class='ocrx_word' id='word_1_36' title='bbox 454 979 596 1050; x_wconf 81' lang='lat' dir='ltr'><strong>celestis</strong></span> <span class='ocrx_word' id='word_1_37' title='bbox 617 998 653 1049; x_wconf 92' lang='lat' dir='ltr'><strong>et</strong></span> <span class='ocrx_word' id='word_1_38' title='bbox 669 975 867 1048; x_wconf 73' lang='lat' dir='ltr'><strong>transitoria</strong></span> <span class='ocrx_word' id='word_1_39' title='bbox 890 976 927 1050; x_wconf 91' lang='lat' dir='ltr'><strong>in</strong></span> <span class='ocrx_word' id='word_1_40' title='bbox 942 998 1065 1058; x_wconf 81' lang='lat' dir='ltr'><strong>eterne</strong></span> <span class='ocrx_word' id='word_1_41' title='bbox 1082 978 1175 1050; x_wconf 85' lang='lat' dir='ltr'><strong>selici</strong></span> <span class='ocrx_word' id='word_1_42' title='bbox 1191 979 1413 1051; x_wconf 85' lang='lat' dir='ltr'><strong>commercio</strong></span> <span class='ocrx_word' id='word_1_43' title='bbox 1425 999 1528 1050; x_wconf 90' lang='lat' dir='ltr'><strong>com·</strong></span> 
     </span>
     <span class='ocr_line' id='line_1_7' title="bbox 225 1071 1530 1165; baseline -0.002 -21"><span class='ocrx_word' id='word_1_44' title='bbox 225 1092 391 1157; x_wconf 82' lang='lat' dir='ltr'><strong>mutare,</strong></span> <span class='ocrx_word' id='word_1_45' title='bbox 415 1092 462 1144; x_wconf 85' lang='lat' dir='ltr'><strong>ex</strong></span> <span class='ocrx_word' id='word_1_46' title='bbox 486 1092 532 1143; x_wconf 88' lang='lat' dir='ltr'><strong>eo</strong></span> <span class='ocrx_word' id='word_1_47' title='bbox 558 1073 603 1142; x_wconf 88' lang='lat' dir='ltr'><strong>tle</strong></span> <span class='ocrx_word' id='word_1_48' title='bbox 630 1071 733 1143; x_wconf 88' lang='lat' dir='ltr'><strong>bonis</strong></span> <span class='ocrx_word' id='word_1_49' title='bbox 759 1091 795 1142; x_wconf 92' lang='lat' dir='ltr'><strong>et</strong></span> <span class='ocrx_word' id='word_1_50' title='bbox 820 1071 926 1141; x_wconf 87' lang='lat' dir='ltr'><strong>rebus</strong></span> <span class='ocrx_word' id='word_1_51' title='bbox 952 1073 1012 1145; x_wconf 89' lang='lat' dir='ltr'><strong>libi</strong></span> <span class='ocrx_word' id='word_1_52' title='bbox 1036 1091 1057 1144; x_wconf 79' lang='lat' dir='ltr'><strong>a</strong></span> <span class='ocrx_word' id='word_1_53' title='bbox 1083 1073 1309 1143; x_wconf 71' lang='lat' dir='ltr'><strong>cleocollutis</strong></span> <span class='ocrx_word' id='word_1_54' title='bbox 1326 1071 1530 1165; x_wconf 79' lang='lat' dir='ltr'><strong>quemdum</strong></span> 
     </span>
     <span class='ocr_line' id='line_1_8' title="bbox 221 1164 1527 1272; baseline 0.002 -36"><span class='ocrx_word' id='word_1_55' title='bbox 221 1184 440 1272; x_wconf 83' lang='lat' dir='ltr'><strong>perpetuum</strong></span> <span class='ocrx_word' id='word_1_56' title='bbox 455 1185 566 1268; x_wconf 78' lang='lat' dir='ltr'><strong>atque</strong></span> <span class='ocrx_word' id='word_1_57' title='bbox 582 1165 820 1237; x_wconf 79' lang='lat' dir='ltr'>cottidianam</span> <span class='ocrx_word' id='word_1_58' title='bbox 836 1164 977 1236; x_wconf 82' lang='lat' dir='ltr'><strong>missum</strong></span> <span class='ocrx_word' id='word_1_59' title='bbox 995 1166 1029 1236; x_wconf 90' lang='lat' dir='ltr'><strong>iu</strong></span> <span class='ocrx_word' id='word_1_60' title='bbox 1046 1165 1173 1238; x_wconf 80' lang='lat' dir='ltr'><strong>Altnre</strong></span> <span class='ocrx_word' id='word_1_61' title='bbox 1187 1171 1398 1238; x_wconf 75' lang='lat' dir='ltr'><strong>Sanctorum</strong></span> <span class='ocrx_word' id='word_1_62' title='bbox 1417 1165 1527 1239; x_wconf 83' lang='lat' dir='ltr'><strong>Fren-</strong></span> 
     </span>
     <span class='ocr_line' id='line_1_9' title="bbox 220 1256 1528 1352; baseline 0.002 -24"><span class='ocrx_word' id='word_1_63' title='bbox 220 1257 303 1329; x_wconf 89' lang='lat' dir='ltr'><strong>ciscr</strong></span> <span class='ocrx_word' id='word_1_64' title='bbox 328 1275 367 1329; x_wconf 87' lang='lat' dir='ltr'><strong>et</strong></span> <span class='ocrx_word' id='word_1_65' title='bbox 394 1256 551 1330; x_wconf 85' lang='lat' dir='ltr'><strong>Heiurtci</strong></span> <span class='ocrx_word' id='word_1_66' title='bbox 577 1259 622 1331; x_wconf 84' lang='lat' dir='ltr'><strong>tle</strong></span> <span class='ocrx_word' id='word_1_67' title='bbox 648 1279 746 1330; x_wconf 84' lang='lat' dir='ltr'><strong>nouo</strong></span> <span class='ocrx_word' id='word_1_68' title='bbox 771 1275 894 1330; x_wconf 90' lang='lat' dir='ltr'><strong>erecto</strong></span> <span class='ocrx_word' id='word_1_69' title='bbox 929 1278 966 1330; x_wconf 92' lang='lat' dir='ltr'><strong>et</strong></span> <span class='ocrx_word' id='word_1_70' title='bbox 992 1257 1143 1329; x_wconf 65' lang='lat' dir='ltr'><strong>lunrlnto</strong></span> <span class='ocrx_word' id='word_1_71' title='bbox 1179 1260 1215 1329; x_wconf 91' lang='lat' dir='ltr'><strong>in</strong></span> <span class='ocrx_word' id='word_1_72' title='bbox 1247 1258 1393 1331; x_wconf 81' lang='lat' dir='ltr'><strong>scelesta</strong></span> <span class='ocrx_word' id='word_1_73' title='bbox 1418 1278 1528 1352; x_wconf 87' lang='lat' dir='ltr'><strong>puto·</strong></span> 
     </span>
     <span class='ocr_line' id='line_1_10' title="bbox 220 1349 1528 1514; baseline 0.002 -90"><span class='ocrx_word' id='word_1_74' title='bbox 220 1350 329 1424; x_wconf 81' lang='lat' dir='ltr'><strong>chisil</strong></span> <span class='ocrx_word' id='word_1_75' title='bbox 354 1354 460 1422; x_wconf 73' lang='lat' dir='ltr'><strong>ceute</strong></span> <span class='ocrx_word' id='word_1_76' title='bbox 485 1349 598 1423; x_wconf 85' lang='lat' dir='ltr'><strong>muris</strong></span> <span class='ocrx_word' id='word_1_77' title='bbox 625 1352 775 1445; x_wconf 79' lang='lat' dir='ltr'><strong>uirginis</strong></span> <span class='ocrx_word' id='word_1_78' title='bbox 798 1351 886 1424; x_wconf 83' lang='lat' dir='ltr'><strong>dicti</strong></span> <span class='ocrx_word' id='word_1_79' title='bbox 912 1352 1014 1445; x_wconf 88' lang='lat' dir='ltr'><strong>opidi</strong></span> <span class='ocrx_word' id='word_1_80' title='bbox 1041 1351 1262 1424; x_wconf 86' lang='lat' dir='ltr'><strong>monacensrs</strong></span> <span class='ocrx_word' id='word_1_81' title='bbox 1287 1353 1333 1420; x_wconf 89' lang='lat' dir='ltr'><strong>de</strong></span> <span class='ocrx_word' id='word_1_82' title='bbox 1351 1350 1528 1514; x_wconf 57' lang='lat' dir='ltr'><strong>expresso</strong></span> 
     </span>
     <span class='ocr_line' id='line_1_11' title="bbox 221 1442 1526 1536; baseline 0.001 -20"><span class='ocrx_word' id='word_1_83' title='bbox 221 1443 443 1516; x_wconf 86' lang='lat' dir='ltr'><strong>honorabilis</strong></span> <span class='ocrx_word' id='word_1_84' title='bbox 468 1443 572 1515; x_wconf 86' lang='lat' dir='ltr'><strong>nobis</strong></span> <span class='ocrx_word' id='word_1_85' title='bbox 597 1446 719 1518; x_wconf 87' lang='lat' dir='ltr'><strong>dilecti</strong></span> <span class='ocrx_word' id='word_1_86' title='bbox 746 1445 938 1517; x_wconf 82' lang='lat' dir='ltr'><strong>ERNESTl</strong></span> <span class='ocrx_word' id='word_1_87' title='bbox 968 1445 1174 1518; x_wconf 85' lang='lat' dir='ltr'><strong>PUTlllCH</strong></span> <span class='ocrx_word' id='word_1_88' title='bbox 1207 1442 1353 1536; x_wconf 79' lang='lat' dir='ltr'>plebani</span> <span class='ocrx_word' id='word_1_89' title='bbox 1385 1443 1396 1514; x_wconf 91' lang='lat' dir='ltr'><strong>i</strong></span> <span class='ocrx_word' id='word_1_90' title='bbox 1424 1445 1526 1517; x_wconf 89' lang='lat' dir='ltr'><strong>idem</strong></span> 
     </span>
     <span class='ocr_line' id='line_1_12' title="bbox 220 1533 1531 1632; baseline 0 -23"><span class='ocrx_word' id='word_1_91' title='bbox 220 1533 393 1610; x_wconf 87' lang='lat' dir='ltr'><strong>consensu</strong></span> <span class='ocrx_word' id='word_1_92' title='bbox 417 1553 455 1608; x_wconf 91' lang='lat' dir='ltr'><strong>et</strong></span> <span class='ocrx_word' id='word_1_93' title='bbox 482 1539 681 1610; x_wconf 79' lang='lat' dir='ltr'><strong>voluntate.</strong></span> <span class='ocrx_word' id='word_1_94' title='bbox 750 1540 812 1610; x_wconf 72' lang='lat' dir='ltr'><strong>Aul</strong></span> <span class='ocrx_word' id='word_1_95' title='bbox 838 1536 994 1610; x_wconf 85' lang='lat' dir='ltr'>Laudem</span> <span class='ocrx_word' id='word_1_96' title='bbox 1020 1555 1058 1610; x_wconf 91' lang='lat' dir='ltr'><strong>et</strong></span> <span class='ocrx_word' id='word_1_97' title='bbox 1083 1538 1239 1632; x_wconf 74' lang='lat' dir='ltr'><strong>gloriam</strong></span> <span class='ocrx_word' id='word_1_98' title='bbox 1265 1536 1324 1608; x_wconf 88' lang='lat' dir='ltr'><strong>dei</strong></span> <span class='ocrx_word' id='word_1_99' title='bbox 1343 1537 1531 1624; x_wconf 79' lang='lat' dir='ltr'><strong>¹omnipo·</strong></span> 
     </span>
     <span class='ocr_line' id='line_1_13' title="bbox 223 1628 1527 1793; baseline 0.001 -91"><span class='ocrx_word' id='word_1_100' title='bbox 223 1632 334 1702; x_wconf 89' lang='lat' dir='ltr'><strong>tentis</strong></span> <span class='ocrx_word' id='word_1_101' title='bbox 356 1628 607 1793; x_wconf 38' lang='lat' dir='ltr'><strong>{loriolissime</strong></span> <span class='ocrx_word' id='word_1_102' title='bbox 631 1651 673 1703; x_wconf 84' lang='lat' dir='ltr'><strong>ac</strong></span> <span class='ocrx_word' id='word_1_103' title='bbox 699 1631 902 1703; x_wconf 80' lang='lat' dir='ltr'>beatissime</span> <span class='ocrx_word' id='word_1_104' title='bbox 927 1633 1040 1704; x_wconf 81' lang='lat' dir='ltr'><strong>merie</strong></span> <span class='ocrx_word' id='word_1_105' title='bbox 1066 1631 1215 1724; x_wconf 80' lang='lat' dir='ltr'><strong>uirginis</strong></span> <span class='ocrx_word' id='word_1_106' title='bbox 1240 1629 1318 1701; x_wconf 91' lang='lat' dir='ltr'><strong>eius</strong></span> <span class='ocrx_word' id='word_1_107' title='bbox 1334 1630 1527 1722; x_wconf 81' lang='lat' dir='ltr'><strong>genitricis</strong></span> 
     </span>
     <span class='ocr_line' id='line_1_14' title="bbox 222 1722 1569 1816; baseline -0.001 -20"><span class='ocrx_word' id='word_1_108' title='bbox 222 1740 335 1816; x_wconf 78' lang='lat' dir='ltr'><strong>etque</strong></span> <span class='ocrx_word' id='word_1_109' title='bbox 393 1744 543 1796; x_wconf 85' lang='lat' dir='ltr'><strong>onorem</strong></span> <span class='ocrx_word' id='word_1_110' title='bbox 581 1724 761 1796; x_wconf 84' lang='lat' dir='ltr'><strong>dictorum</strong></span> <span class='ocrx_word' id='word_1_111' title='bbox 794 1741 1068 1816; x_wconf 85' lang='lat' dir='ltr'><strong>prettotntorum</strong></span> <span class='ocrx_word' id='word_1_112' title='bbox 1098 1722 1270 1797; x_wconf 84' lang='lat' dir='ltr'><strong>Francisci</strong></span> <span class='ocrx_word' id='word_1_113' title='bbox 1295 1737 1333 1794; x_wconf 91' lang='lat' dir='ltr'><strong>et</strong></span> <span class='ocrx_word' id='word_1_114' title='bbox 1361 1722 1527 1796; x_wconf 82' lang='lat' dir='ltr'><strong>Hnirtrici</strong></span> <span class='ocrx_word' id='word_1_115' title='bbox 1566 1724 1569 1728; x_wconf 82' lang='grc'><strong>’</strong></span> 
     </span>
     <span class='ocr_line' id='line_1_15' title="bbox 220 1814 1527 1911; baseline 0 -25"><span class='ocrx_word' id='word_1_116' title='bbox 220 1814 427 1911; x_wconf 75' lang='lat' dir='ltr'><strong>sotiosque</strong></span> <span class='ocrx_word' id='word_1_117' title='bbox 460 1815 596 1888; x_wconf 85' lang='lat' dir='ltr'><strong>celestis</strong></span> <span class='ocrx_word' id='word_1_118' title='bbox 637 1817 734 1888; x_wconf 89' lang='lat' dir='ltr'><strong>curie</strong></span> <span class='ocrx_word' id='word_1_119' title='bbox 775 1816 1064 1910; x_wconf 73' lang='lat' dir='ltr'><strong>triumphantis,</strong></span> <span class='ocrx_word' id='word_1_120' title='bbox 1101 1817 1161 1890; x_wconf 81' lang='lat' dir='ltr'><strong>An</strong></span> <span class='ocrx_word' id='word_1_121' title='bbox 1193 1818 1356 1888; x_wconf 80' lang='lat' dir='ltr'><strong>sulutem</strong></span> <span class='ocrx_word' id='word_1_122' title='bbox 1395 1836 1433 1885; x_wconf 93' lang='lat' dir='ltr'><strong>et</strong></span> <span class='ocrx_word' id='word_1_123' title='bbox 1467 1835 1527 1886; x_wconf 88' lang='lat' dir='ltr'><strong>re·</strong></span> 
     </span>
     <span class='ocr_line' id='line_1_16' title="bbox 219 1905 1528 1983; baseline -0.002 -1"><span class='ocrx_word' id='word_1_124' title='bbox 219 1909 382 1982; x_wconf 85' lang='lat' dir='ltr'><strong>medium</strong></span> <span class='ocrx_word' id='word_1_125' title='bbox 408 1910 609 1982; x_wconf 75' lang='lat' dir='ltr'><strong>animatum</strong></span> <span class='ocrx_word' id='word_1_126' title='bbox 635 1908 778 1982; x_wconf 89' lang='lat' dir='ltr'><strong>suorum</strong></span> <span class='ocrx_word' id='word_1_127' title='bbox 802 1905 1064 1982; x_wconf 84' lang='lat' dir='ltr'><strong>antecessorum</strong></span> <span class='ocrx_word' id='word_1_128' title='bbox 1090 1928 1128 1983; x_wconf 92' lang='lat' dir='ltr'><strong>et</strong></span> <span class='ocrx_word' id='word_1_129' title='bbox 1142 1906 1383 1981; x_wconf 81' lang='lat' dir='ltr'><strong>successorum</strong></span> <span class='ocrx_word' id='word_1_130' title='bbox 1404 1923 1442 1977; x_wconf 90' lang='lat' dir='ltr'><strong>et</strong></span> <span class='ocrx_word' id='word_1_131' title='bbox 1460 1928 1528 1979; x_wconf 90' lang='lat' dir='ltr'><strong>eo·</strong></span> 
     </span>
     <span class='ocr_line' id='line_1_17' title="bbox 219 1999 1530 2096; baseline 0.002 -24"><span class='ocrx_word' id='word_1_132' title='bbox 219 2022 302 2073; x_wconf 91' lang='lat' dir='ltr'><strong>rum</strong></span> <span class='ocrx_word' id='word_1_133' title='bbox 326 2022 478 2096; x_wconf 90' lang='lat' dir='ltr'><strong>quorum</strong></span> <span class='ocrx_word' id='word_1_134' title='bbox 505 2001 609 2074; x_wconf 88' lang='lat' dir='ltr'><strong>bonis</strong></span> <span class='ocrx_word' id='word_1_135' title='bbox 635 2021 673 2074; x_wconf 90' lang='lat' dir='ltr'><strong>et</strong></span> <span class='ocrx_word' id='word_1_136' title='bbox 698 2004 804 2073; x_wconf 86' lang='lat' dir='ltr'><strong>rebus</strong></span> <span class='ocrx_word' id='word_1_137' title='bbox 837 2020 987 2073; x_wconf 78' lang='lat' dir='ltr'><strong>utuntur</strong></span> <span class='ocrx_word' id='word_1_138' title='bbox 1011 2005 1248 2094; x_wconf 85' lang='lat' dir='ltr'><strong>omniumque</strong></span> <span class='ocrx_word' id='word_1_139' title='bbox 1273 1999 1435 2072; x_wconf 86' lang='lat' dir='ltr'><strong>fidelium</strong></span> <span class='ocrx_word' id='word_1_140' title='bbox 1458 2002 1530 2074; x_wconf 85' lang='lat' dir='ltr'><strong>de·</strong></span> 
     </span>
     <span class='ocr_line' id='line_1_18' title="bbox 218 2091 1526 2168; baseline 0.001 -5"><span class='ocrx_word' id='word_1_141' title='bbox 218 2091 427 2168; x_wconf 82' lang='lat' dir='ltr'><strong>iunctorum</strong></span> <span class='ocrx_word' id='word_1_142' title='bbox 451 2094 602 2168; x_wconf 85' lang='lat' dir='ltr'><strong>cottidie</strong></span> <span class='ocrx_word' id='word_1_143' title='bbox 627 2095 882 2168; x_wconf 81' lang='lat' dir='ltr'><strong>celebrandum</strong></span> <span class='ocrx_word' id='word_1_144' title='bbox 907 2091 1138 2167; x_wconf 77' lang='lat' dir='ltr'><strong>sustinuerint</strong></span> <span class='ocrx_word' id='word_1_145' title='bbox 1163 2093 1380 2168; x_wconf 82' lang='lat' dir='ltr'><strong>instituerint</strong></span> <span class='ocrx_word' id='word_1_146' title='bbox 1405 2110 1443 2162; x_wconf 88' lang='lat' dir='ltr'><strong>et</strong></span> <span class='ocrx_word' id='word_1_147' title='bbox 1457 2096 1526 2164; x_wconf 88' lang='lat' dir='ltr'><strong>do·</strong></span> 
     </span>
     <span class='ocr_line' id='line_1_19' title="bbox 220 2185 1528 2282; baseline -0.002 -22"><span class='ocrx_word' id='word_1_148' title='bbox 220 2189 399 2276; x_wconf 81' lang='lat' dir='ltr'><strong>tuueriut‚</strong></span> <span class='ocrx_word' id='word_1_149' title='bbox 434 2206 543 2282; x_wconf 90' lang='lat' dir='ltr'><strong>prout</strong></span> <span class='ocrx_word' id='word_1_150' title='bbox 569 2189 637 2260; x_wconf 88' lang='lat' dir='ltr'><strong>lrec</strong></span> <span class='ocrx_word' id='word_1_151' title='bbox 669 2207 707 2262; x_wconf 91' lang='lat' dir='ltr'><strong>et</strong></span> <span class='ocrx_word' id='word_1_152' title='bbox 730 2190 800 2261; x_wconf 82' lang='lat' dir='ltr'><strong>nlla</strong></span> <span class='ocrx_word' id='word_1_153' title='bbox 825 2207 893 2260; x_wconf 86' lang='lat' dir='ltr'><strong>trec</strong></span> <span class='ocrx_word' id='word_1_154' title='bbox 920 2209 994 2261; x_wconf 91' lang='lat' dir='ltr'><strong>non</strong></span> <span class='ocrx_word' id='word_1_155' title='bbox 1020 2191 1115 2260; x_wconf 82' lang='lat' dir='ltr'><strong>boun</strong></span> <span class='ocrx_word' id='word_1_156' title='bbox 1139 2186 1186 2260; x_wconf 91' lang='lat' dir='ltr'><strong>nd</strong></span> <span class='ocrx_word' id='word_1_157' title='bbox 1210 2185 1415 2260; x_wconf 88' lang='lat' dir='ltr'><strong>huiusmodi</strong></span> <span class='ocrx_word' id='word_1_158' title='bbox 1441 2204 1528 2278; x_wconf 91' lang='lat' dir='ltr'><strong>per·</strong></span> 
     </span>
     <span class='ocr_line' id='line_1_20' title="bbox 219 2277 1626 2374; baseline 0.003 -24"><span class='ocrx_word' id='word_1_159' title='bbox 219 2299 371 2374; x_wconf 81' lang='lat' dir='ltr'><strong>petuam</strong></span> <span class='ocrx_word' id='word_1_160' title='bbox 396 2281 539 2354; x_wconf 81' lang='lat' dir='ltr'><strong>missam</strong></span> <span class='ocrx_word' id='word_1_161' title='bbox 560 2283 694 2355; x_wconf 81' lang='lat' dir='ltr'><strong>nonam</strong></span> <span class='ocrx_word' id='word_1_162' title='bbox 726 2282 763 2354; x_wconf 91' lang='lat' dir='ltr'><strong>in</strong></span> <span class='ocrx_word' id='word_1_163' title='bbox 793 2281 906 2354; x_wconf 89' lang='lat' dir='ltr'><strong>literis</strong></span> <span class='ocrx_word' id='word_1_164' title='bbox 941 2281 1193 2356; x_wconf 81' lang='lat' dir='ltr'><strong>lundntionum</strong></span> <span class='ocrx_word' id='word_1_165' title='bbox 1227 2297 1264 2352; x_wconf 91' lang='lat' dir='ltr'><strong>et</strong></span> <span class='ocrx_word' id='word_1_166' title='bbox 1288 2277 1527 2353; x_wconf 83' lang='lat' dir='ltr'><strong>dotationum</strong></span> <span class='ocrx_word' id='word_1_167' title='bbox 1625 2349 1626 2354; x_wconf 75' lang='grc'>,</span> 
     </span>
     <span class='ocr_line' id='line_1_21' title="bbox 219 2367 1527 2467; baseline -0.001 -23"><span class='ocrx_word' id='word_1_168' title='bbox 219 2371 376 2458; x_wconf 84' lang='lat' dir='ltr'><strong>desuper</strong></span> <span class='ocrx_word' id='word_1_169' title='bbox 399 2372 590 2459; x_wconf 87' lang='lat' dir='ltr'><strong>consectis,</strong></span> <span class='ocrx_word' id='word_1_170' title='bbox 616 2395 658 2444; x_wconf 86' lang='lat' dir='ltr'><strong>nc</strong></span> <span class='ocrx_word' id='word_1_171' title='bbox 674 2374 804 2464; x_wconf 76' lang='lat' dir='ltr'><strong>sigillis</strong></span> <span class='ocrx_word' id='word_1_172' title='bbox 829 2373 987 2466; x_wconf 87' lang='lat' dir='ltr'><strong>ipsorum</strong></span> <span class='ocrx_word' id='word_1_173' title='bbox 1014 2373 1245 2446; x_wconf 78' lang='lat' dir='ltr'><strong>fundatorum</strong></span> <span class='ocrx_word' id='word_1_174' title='bbox 1269 2387 1307 2444; x_wconf 89' lang='lat' dir='ltr'><strong>et</strong></span> <span class='ocrx_word' id='word_1_175' title='bbox 1332 2367 1440 2467; x_wconf 79' lang='lat' dir='ltr'><strong>supra</strong></span> <span class='ocrx_word' id='word_1_176' title='bbox 1455 2391 1527 2444; x_wconf 90' lang='lat' dir='ltr'><strong>no·</strong></span> 
     </span>
     <span class='ocr_line' id='line_1_22' title="bbox 218 2464 1526 2560; baseline -0.003 -22"><span class='ocrx_word' id='word_1_177' title='bbox 218 2464 348 2538; x_wconf 80' lang='lat' dir='ltr'><strong>minati</strong></span> <span class='ocrx_word' id='word_1_178' title='bbox 374 2467 572 2539; x_wconf 85' lang='lat' dir='ltr'>ERNESTI</span> <span class='ocrx_word' id='word_1_179' title='bbox 598 2465 804 2539; x_wconf 79' lang='lat' dir='ltr'><strong>Pllslllcll</strong></span> <span class='ocrx_word' id='word_1_180' title='bbox 831 2467 978 2557; x_wconf 82' lang='lat' dir='ltr'><strong>plebani</strong></span> <span class='ocrx_word' id='word_1_181' title='bbox 1010 2467 1232 2560; x_wconf 82' lang='lat' dir='ltr'><strong>appensione</strong></span> <span class='ocrx_word' id='word_1_182' title='bbox 1265 2465 1432 2547; x_wconf 90' lang='lat' dir='ltr'><strong>munitis,</strong></span> <span class='ocrx_word' id='word_1_183' title='bbox 1464 2485 1526 2535; x_wconf 91' lang='lat' dir='ltr'><strong>ro-</strong></span> 
     </span>
     <span class='ocr_line' id='line_1_23' title="bbox 216 2555 1524 2652; baseline 0 -23"><span class='ocrx_word' id='word_1_184' title='bbox 216 2555 355 2630; x_wconf 82' lang='lat' dir='ltr'><strong>boretis</strong></span> <span class='ocrx_word' id='word_1_185' title='bbox 381 2577 493 2652; x_wconf 83' lang='lat' dir='ltr'><strong>utque</strong></span> <span class='ocrx_word' id='word_1_186' title='bbox 518 2578 638 2631; x_wconf 84' lang='lat' dir='ltr'><strong>comm</strong></span> <span class='ocrx_word' id='word_1_187' title='bbox 664 2559 768 2630; x_wconf 86' lang='lat' dir='ltr'><strong>nobis</strong></span> <span class='ocrx_word' id='word_1_188' title='bbox 794 2559 982 2651; x_wconf 85' lang='lat' dir='ltr'><strong>productis</strong></span> <span class='ocrx_word' id='word_1_189' title='bbox 1008 2578 1046 2632; x_wconf 91' lang='lat' dir='ltr'><strong>et</strong></span> <span class='ocrx_word' id='word_1_190' title='bbox 1064 2559 1238 2632; x_wconf 84' lang='lat' dir='ltr'><strong>exhibitis</strong></span> <span class='ocrx_word' id='word_1_191' title='bbox 1253 2560 1524 2652; x_wconf 85' lang='lat' dir='ltr'><strong>diligenterque</strong></span> 
     </span>
     <span class='ocr_line' id='line_1_24' title="bbox 217 2647 1527 2744; baseline 0.003 -24"><span class='ocrx_word' id='word_1_192' title='bbox 217 2651 440 2744; x_wconf 82' lang='lat' dir='ltr'><strong>perlustratis</strong></span> <span class='ocrx_word' id='word_1_193' title='bbox 464 2651 604 2744; x_wconf 84' lang='lat' dir='ltr'><strong>plenius</strong></span> <span class='ocrx_word' id='word_1_194' title='bbox 629 2653 874 2723; x_wconf 88' lang='lat' dir='ltr'><strong>continentur.</strong></span> <span class='ocrx_word' id='word_1_195' title='bbox 899 2657 1086 2728; x_wconf 72' lang='lat' dir='ltr'><strong>Quatenus</strong></span> <span class='ocrx_word' id='word_1_196' title='bbox 1106 2648 1309 2722; x_wconf 84' lang='lat' dir='ltr'><strong>huiusmodi</strong></span> <span class='ocrx_word' id='word_1_197' title='bbox 1326 2647 1430 2719; x_wconf 89' lang='lat' dir='ltr'><strong>misse</strong></span> <span class='ocrx_word' id='word_1_198' title='bbox 1443 2648 1527 2724; x_wconf 89' lang='lat' dir='ltr'><strong>sun·</strong></span> 
     </span>
     <span class='ocr_line' id='line_1_25' title="bbox 219 2742 1527 2837; baseline -0.001 -20"><span class='ocrx_word' id='word_1_199' title='bbox 219 2743 406 2817; x_wconf 79' lang='lat' dir='ltr'><strong>dationem</strong></span> <span class='ocrx_word' id='word_1_200' title='bbox 431 2761 468 2816; x_wconf 90' lang='lat' dir='ltr'><strong>et</strong></span> <span class='ocrx_word' id='word_1_201' title='bbox 491 2743 754 2817; x_wconf 88' lang='lat' dir='ltr'><strong>institutionem</strong></span> <span class='ocrx_word' id='word_1_202' title='bbox 781 2745 823 2816; x_wconf 85' lang='lat' dir='ltr'><strong>ec</strong></span> <span class='ocrx_word' id='word_1_203' title='bbox 846 2743 954 2837; x_wconf 89' lang='lat' dir='ltr'><strong>ipsrus</strong></span> <span class='ocrx_word' id='word_1_204' title='bbox 971 2745 1256 2817; x_wconf 75' lang='lat' dir='ltr'><strong>celebrationem</strong></span> <span class='ocrx_word' id='word_1_205' title='bbox 1274 2742 1470 2815; x_wconf 78' lang='lat' dir='ltr'><strong>admittere</strong></span> <span class='ocrx_word' id='word_1_206' title='bbox 1483 2758 1527 2816; x_wconf 88' lang='lat' dir='ltr'><strong>et</strong></span> 
     </span>
     <span class='ocr_line' id='line_1_26' title="bbox 219 2835 1526 2932; baseline 0.001 -25"><span class='ocrx_word' id='word_1_207' title='bbox 219 2835 268 2909; x_wconf 87' lang='lat' dir='ltr'><strong>de</strong></span> <span class='ocrx_word' id='word_1_208' title='bbox 299 2835 441 2930; x_wconf 81' lang='lat' dir='ltr'><strong>speciali</strong></span> <span class='ocrx_word' id='word_1_209' title='bbox 477 2837 596 2925; x_wconf 74' lang='lat' dir='ltr'><strong>gretie</strong></span> <span class='ocrx_word' id='word_1_210' title='bbox 631 2837 807 2907; x_wconf 85' lang='lat' dir='ltr'><strong>rutilicnre</strong></span> <span class='ocrx_word' id='word_1_211' title='bbox 839 2853 876 2908; x_wconf 89' lang='lat' dir='ltr'><strong>et</strong></span> <span class='ocrx_word' id='word_1_212' title='bbox 902 2837 1116 2910; x_wconf 81' lang='lat' dir='ltr'><strong>confirmare</strong></span> <span class='ocrx_word' id='word_1_213' title='bbox 1148 2835 1381 2932; x_wconf 84' lang='lat' dir='ltr'><strong>dignaremur</strong></span> <span class='ocrx_word' id='word_1_214' title='bbox 1414 2835 1526 2908; x_wconf 87' lang='lat' dir='ltr'><strong>nobis</strong></span> 
     </span>
     <span class='ocr_line' id='line_1_27' title="bbox 217 2925 1524 3023; baseline 0 -25"><span class='ocrx_word' id='word_1_215' title='bbox 217 2927 336 3002; x_wconf 90' lang='lat' dir='ltr'><strong>dictus</strong></span> <span class='ocrx_word' id='word_1_216' title='bbox 358 2925 682 3003; x_wconf 80' lang='lat' dir='ltr'>WALTHASAR</span> <span class='ocrx_word' id='word_1_217' title='bbox 711 2929 882 3018; x_wconf 83' lang='lat' dir='ltr'><strong>RlDLEll</strong></span> <span class='ocrx_word' id='word_1_218' title='bbox 909 2927 971 3002; x_wconf 88' lang='lat' dir='ltr'><strong>suo</strong></span> <span class='ocrx_word' id='word_1_219' title='bbox 994 2947 1032 3002; x_wconf 90' lang='lat' dir='ltr'><strong>et</strong></span> <span class='ocrx_word' id='word_1_220' title='bbox 1057 2928 1277 3023; x_wconf 82' lang='lat' dir='ltr'><strong>presetorunt</strong></span> <span class='ocrx_word' id='word_1_221' title='bbox 1304 2925 1524 3022; x_wconf 80' lang='lat' dir='ltr'><strong>eonlanui·</strong></span> 
     </span>
     <span class='ocr_line' id='line_1_28' title="bbox 216 3019 1525 3116; baseline -0.001 -23"><span class='ocrx_word' id='word_1_222' title='bbox 216 3041 370 3094; x_wconf 91' lang='lat' dir='ltr'><strong>neorum</strong></span> <span class='ocrx_word' id='word_1_223' title='bbox 395 3021 537 3092; x_wconf 90' lang='lat' dir='ltr'><strong>suorum</strong></span> <span class='ocrx_word' id='word_1_224' title='bbox 563 3019 769 3094; x_wconf 88' lang='lat' dir='ltr'><strong>nominibus</strong></span> <span class='ocrx_word' id='word_1_225' title='bbox 793 3021 977 3094; x_wconf 88' lang='lat' dir='ltr'><strong>humiliter</strong></span> <span class='ocrx_word' id='word_1_226' title='bbox 1000 3021 1232 3116; x_wconf 76' lang='lat' dir='ltr'><strong>supplicant,</strong></span> <span class='ocrx_word' id='word_1_227' title='bbox 1258 3022 1332 3094; x_wconf 89' lang='lat' dir='ltr'><strong>Nos</strong></span> <span class='ocrx_word' id='word_1_228' title='bbox 1363 3041 1450 3092; x_wconf 90' lang='lat' dir='ltr'><strong>uero</strong></span> <span class='ocrx_word' id='word_1_229' title='bbox 1467 3034 1525 3092; x_wconf 84' lang='lat' dir='ltr'><strong>et·</strong></span> 
     </span>
     <span class='ocr_line' id='line_1_29' title="bbox 218 3112 1526 3204; baseline -0.001 -18"><span class='ocrx_word' id='word_1_230' title='bbox 218 3115 411 3187; x_wconf 87' lang='lat' dir='ltr'><strong>tendentes</strong></span> <span class='ocrx_word' id='word_1_231' title='bbox 436 3112 655 3204; x_wconf 87' lang='lat' dir='ltr'><strong>petitionem</strong></span> <span class='ocrx_word' id='word_1_232' title='bbox 679 3114 886 3186; x_wconf 88' lang='lat' dir='ltr'><strong>huiusmodi</strong></span> <span class='ocrx_word' id='word_1_233' title='bbox 912 3113 990 3187; x_wconf 90' lang='lat' dir='ltr'><strong>sore</strong></span> <span class='ocrx_word' id='word_1_234' title='bbox 1014 3117 1141 3188; x_wconf 82' lang='lat' dir='ltr'><strong>iullnm</strong></span> <span class='ocrx_word' id='word_1_235' title='bbox 1176 3133 1214 3187; x_wconf 90' lang='lat' dir='ltr'><strong>et</strong></span> <span class='ocrx_word' id='word_1_236' title='bbox 1247 3112 1440 3190; x_wconf 85' lang='lat' dir='ltr'><strong>consonum</strong></span> <span class='ocrx_word' id='word_1_237' title='bbox 1464 3131 1526 3186; x_wconf 83' lang='lat' dir='ltr'><strong>rn-</strong></span> 
     </span>
     <span class='ocr_line' id='line_1_30' title="bbox 217 3205 1526 3300; baseline 0.002 -22"><span class='ocrx_word' id='word_1_238' title='bbox 217 3206 311 3278; x_wconf 77' lang='lat' dir='ltr'><strong>sioni</strong></span> <span class='ocrx_word' id='word_1_239' title='bbox 335 3206 672 3299; x_wconf 74' lang='lat' dir='ltr'><strong>considerantesque</strong></span> <span class='ocrx_word' id='word_1_240' title='bbox 697 3208 796 3300; x_wconf 82' lang='lat' dir='ltr'><strong>quon</strong></span> <span class='ocrx_word' id='word_1_241' title='bbox 821 3207 932 3300; x_wconf 78' lang='lat' dir='ltr'><strong>digne</strong></span> <span class='ocrx_word' id='word_1_242' title='bbox 956 3209 1164 3300; x_wconf 87' lang='lat' dir='ltr'><strong>petentibus</strong></span> <span class='ocrx_word' id='word_1_243' title='bbox 1182 3228 1252 3278; x_wconf 90' lang='lat' dir='ltr'><strong>non</strong></span> <span class='ocrx_word' id='word_1_244' title='bbox 1279 3205 1526 3300; x_wconf 75' lang='lat' dir='ltr'><strong>srtdeuegun·</strong></span> 
     </span>
     <span class='ocr_line' id='line_1_31' title="bbox 217 3294 1524 3383; baseline -0.006 -12"><span class='ocrx_word' id='word_1_245' title='bbox 217 3294 483 3383; x_wconf 73' lang='lat' dir='ltr'><strong>deessemus,</strong></span> <span class='ocrx_word' id='word_1_246' title='bbox 511 3302 595 3370; x_wconf 86' lang='lat' dir='ltr'><strong>ldeo</strong></span> <span class='ocrx_word' id='word_1_247' title='bbox 616 3315 702 3369; x_wconf 79' lang='lat' dir='ltr'><strong>onte</strong></span> <span class='ocrx_word' id='word_1_248' title='bbox 721 3299 796 3370; x_wconf 80' lang='lat' dir='ltr'><strong>late</strong></span> <span class='ocrx_word' id='word_1_249' title='bbox 826 3297 925 3371; x_wconf 84' lang='lat' dir='ltr'><strong>mille</strong></span> <span class='ocrx_word' id='word_1_250' title='bbox 947 3301 1194 3372; x_wconf 85' lang='lat' dir='ltr'><strong>lundntionem</strong></span> <span class='ocrx_word' id='word_1_251' title='bbox 1221 3297 1454 3371; x_wconf 81' lang='lat' dir='ltr'><strong>dotationem</strong></span> <span class='ocrx_word' id='word_1_252' title='bbox 1482 3314 1524 3364; x_wconf 84' lang='lat' dir='ltr'><strong>et</strong></span> 
     </span>
     <span class='ocr_line' id='line_1_32' title="bbox 215 3389 1521 3486; baseline -0.001 -22"><span class='ocrx_word' id='word_1_253' title='bbox 215 3389 479 3464; x_wconf 86' lang='lat' dir='ltr'><strong>iustitutionem</strong></span> <span class='ocrx_word' id='word_1_254' title='bbox 494 3411 647 3463; x_wconf 82' lang='lat' dir='ltr'><strong>unacum</strong></span> <span class='ocrx_word' id='word_1_255' title='bbox 672 3391 802 3464; x_wconf 88' lang='lat' dir='ltr'><strong>litteris</strong></span> <span class='ocrx_word' id='word_1_256' title='bbox 823 3395 869 3464; x_wconf 89' lang='lat' dir='ltr'><strong>de</strong></span> <span class='ocrx_word' id='word_1_257' title='bbox 889 3390 994 3486; x_wconf 90' lang='lat' dir='ltr'><strong>super</strong></span> <span class='ocrx_word' id='word_1_258' title='bbox 1015 3395 1190 3465; x_wconf 86' lang='lat' dir='ltr'><strong>conlectis</strong></span> <span class='ocrx_word' id='word_1_259' title='bbox 1209 3391 1247 3463; x_wconf 90' lang='lat' dir='ltr'><strong>in</strong></span> <span class='ocrx_word' id='word_1_260' title='bbox 1266 3393 1435 3464; x_wconf 84' lang='lat' dir='ltr'><strong>omuibus</strong></span> <span class='ocrx_word' id='word_1_261' title='bbox 1451 3392 1521 3464; x_wconf 84' lang='lat' dir='ltr'><strong>suis</strong></span> 
     </span>
     <span class='ocr_line' id='line_1_33' title="bbox 215 3483 1523 3579; baseline -0.002 -21"><span class='ocrx_word' id='word_1_262' title='bbox 215 3484 377 3558; x_wconf 81' lang='lat' dir='ltr'><strong>clausulis</strong></span> <span class='ocrx_word' id='word_1_263' title='bbox 402 3484 571 3579; x_wconf 79' lang='lat' dir='ltr'><strong>capitulis</strong></span> <span class='ocrx_word' id='word_1_264' title='bbox 597 3501 634 3556; x_wconf 92' lang='lat' dir='ltr'><strong>et</strong></span> <span class='ocrx_word' id='word_1_265' title='bbox 656 3483 800 3577; x_wconf 87' lang='lat' dir='ltr'><strong>punctis</strong></span> <span class='ocrx_word' id='word_1_266' title='bbox 827 3487 1059 3559; x_wconf 84' lang='lat' dir='ltr'><strong>Auctoritate</strong></span> <span class='ocrx_word' id='word_1_267' title='bbox 1082 3487 1197 3559; x_wconf 83' lang='lat' dir='ltr'><strong>nostr-n</strong></span> <span class='ocrx_word' id='word_1_268' title='bbox 1221 3485 1405 3557; x_wconf 81' lang='lat' dir='ltr'><strong>ordinaria</strong></span> <span class='ocrx_word' id='word_1_269' title='bbox 1435 3484 1523 3557; x_wconf 82' lang='lat' dir='ltr'><strong>reti-</strong></span> 
     </span>
     <span class='ocr_line' id='line_1_34' title="bbox 215 3573 1525 3671; baseline -0.003 -20"><span class='ocrx_word' id='word_1_270' title='bbox 215 3573 397 3651; x_wconf 81' lang='lat' dir='ltr'><strong>ficsndum</strong></span> <span class='ocrx_word' id='word_1_271' title='bbox 418 3599 456 3650; x_wconf 90' lang='lat' dir='ltr'><strong>et</strong></span> <span class='ocrx_word' id='word_1_272' title='bbox 475 3574 761 3650; x_wconf 77' lang='lat' dir='ltr'><strong>confirmandum</strong></span> <span class='ocrx_word' id='word_1_273' title='bbox 792 3579 983 3666; x_wconf 83' lang='lat' dir='ltr'><strong>duximus,</strong></span> <span class='ocrx_word' id='word_1_274' title='bbox 1008 3598 1046 3651; x_wconf 91' lang='lat' dir='ltr'><strong>et</strong></span> <span class='ocrx_word' id='word_1_275' title='bbox 1074 3577 1289 3671; x_wconf 85' lang='lat' dir='ltr'><strong>presentium</strong></span> <span class='ocrx_word' id='word_1_276' title='bbox 1318 3597 1384 3671; x_wconf 87' lang='lat' dir='ltr'><strong>per·</strong></span> <span class='ocrx_word' id='word_1_277' title='bbox 1414 3595 1525 3648; x_wconf 88' lang='lat' dir='ltr'><strong>teno-</strong></span> 
     </span>
     <span class='ocr_line' id='line_1_35' title="bbox 213 3668 1524 3765; baseline -0.002 -21"><span class='ocrx_word' id='word_1_278' title='bbox 213 3670 352 3744; x_wconf 83' lang='lat' dir='ltr'><strong>semin</strong></span> <span class='ocrx_word' id='word_1_279' title='bbox 381 3672 439 3742; x_wconf 87' lang='lat' dir='ltr'><strong>dei</strong></span> <span class='ocrx_word' id='word_1_280' title='bbox 467 3671 614 3743; x_wconf 90' lang='lat' dir='ltr'><strong>nomine</strong></span> <span class='ocrx_word' id='word_1_281' title='bbox 647 3689 684 3741; x_wconf 93' lang='lat' dir='ltr'><strong>et</strong></span> <span class='ocrx_word' id='word_1_282' title='bbox 708 3669 746 3740; x_wconf 95' lang='lat' dir='ltr'><strong>in</strong></span> <span class='ocrx_word' id='word_1_283' title='bbox 769 3670 836 3740; x_wconf 89' lang='lat' dir='ltr'><strong>hiis</strong></span> <span class='ocrx_word' id='word_1_284' title='bbox 862 3669 1001 3765; x_wconf 80' lang='lat' dir='ltr'><strong>seriptis</strong></span> <span class='ocrx_word' id='word_1_285' title='bbox 1025 3670 1242 3745; x_wconf 84' lang='lat' dir='ltr'><strong>rutisrcumus</strong></span> <span class='ocrx_word' id='word_1_286' title='bbox 1269 3685 1307 3740; x_wconf 92' lang='lat' dir='ltr'><strong>et</strong></span> <span class='ocrx_word' id='word_1_287' title='bbox 1331 3668 1524 3741; x_wconf 80' lang='lat' dir='ltr'><strong>confirme-</strong></span> 
     </span>
     <span class='ocr_line' id='line_1_36' title="bbox 214 3760 1525 3859; baseline -0.004 -22"><span class='ocrx_word' id='word_1_288' title='bbox 214 3783 296 3838; x_wconf 88' lang='lat' dir='ltr'><strong>mus</strong></span> <span class='ocrx_word' id='word_1_289' title='bbox 319 3760 469 3859; x_wconf 82' lang='lat' dir='ltr'><strong>Juribus</strong></span> <span class='ocrx_word' id='word_1_290' title='bbox 493 3782 617 3834; x_wconf 84' lang='lat' dir='ltr'><strong>tonren</strong></span> <span class='ocrx_word' id='word_1_291' title='bbox 641 3781 679 3833; x_wconf 91' lang='lat' dir='ltr'><strong>et</strong></span> <span class='ocrx_word' id='word_1_292' title='bbox 705 3763 1018 3836; x_wconf 76' lang='lat' dir='ltr'><strong>consuetudinibus</strong></span> <span class='ocrx_word' id='word_1_293' title='bbox 1043 3761 1417 3854; x_wconf 81' lang='lat' dir='ltr'><strong>ecclesreperotlrialis</strong></span> <span class='ocrx_word' id='word_1_294' title='bbox 1440 3762 1525 3832; x_wconf 85' lang='lat' dir='ltr'><strong>beu·</strong></span> 
     </span>
     <span class='ocr_line' id='line_1_37' title="bbox 214 3852 1526 3948; baseline -0.005 -16"><span class='ocrx_word' id='word_1_295' title='bbox 214 3875 252 3932; x_wconf 91' lang='lat' dir='ltr'><strong>te</strong></span> <span class='ocrx_word' id='word_1_296' title='bbox 277 3857 389 3928; x_wconf 82' lang='lat' dir='ltr'><strong>merie</strong></span> <span class='ocrx_word' id='word_1_297' title='bbox 415 3855 565 3947; x_wconf 76' lang='lat' dir='ltr'><strong>uirginis</strong></span> <span class='ocrx_word' id='word_1_298' title='bbox 580 3855 725 3948; x_wconf 78' lang='lat' dir='ltr'><strong>pleb-uui</strong></span> <span class='ocrx_word' id='word_1_299' title='bbox 744 3853 924 3939; x_wconf 73' lang='lat' dir='ltr'><strong>eiusdem,</strong></span> <span class='ocrx_word' id='word_1_300' title='bbox 948 3875 986 3928; x_wconf 91' lang='lat' dir='ltr'><strong>et</strong></span> <span class='ocrx_word' id='word_1_301' title='bbox 999 3857 1257 3948; x_wconf 89' lang='lat' dir='ltr'><strong>cuiuscumque</strong></span> <span class='ocrx_word' id='word_1_302' title='bbox 1269 3854 1418 3927; x_wconf 86' lang='lat' dir='ltr'><strong>ulterius</strong></span> <span class='ocrx_word' id='word_1_303' title='bbox 1435 3852 1526 3925; x_wconf 88' lang='lat' dir='ltr'><strong>sem·</strong></span> 
     </span>
     <span class='ocr_line' id='line_1_38' title="bbox 213 3947 1526 4123; baseline -0.006 -99"><span class='ocrx_word' id='word_1_304' title='bbox 213 3948 430 4123; x_wconf 68' lang='lat' dir='ltr'><strong>pessumis,</strong></span> <span class='ocrx_word' id='word_1_305' title='bbox 461 3947 696 4021; x_wconf 83' lang='lat' dir='ltr'><strong>Reseruuntes</strong></span> <span class='ocrx_word' id='word_1_306' title='bbox 730 3948 989 4022; x_wconf 89' lang='lat' dir='ltr'><strong>nihilomninus</strong></span> <span class='ocrx_word' id='word_1_307' title='bbox 1017 3948 1088 4047; x_wconf 72' lang='lat' dir='ltr'><strong>Jus</strong></span> <span class='ocrx_word' id='word_1_308' title='bbox 1114 3965 1329 4042; x_wconf 77' lang='lat' dir='ltr'><strong>patronatus</strong></span> <span class='ocrx_word' id='word_1_309' title='bbox 1356 3947 1413 4016; x_wconf 89' lang='lat' dir='ltr'><strong>seu</strong></span> <span class='ocrx_word' id='word_1_310' title='bbox 1439 3965 1526 4038; x_wconf 89' lang='lat' dir='ltr'><strong>pte·</strong></span> 
     </span>
    </p>
   </div>
   <div class='ocr_carea' id='block_1_3' title="bbox 229 4038 1521 4208">
    <p class='ocr_par' dir='ltr' id='par_1_3' title="bbox 229 4038 1521 4208">
     <span class='ocr_line' id='line_1_39' title="bbox 229 4038 1521 4206; baseline -0.005 -86"><span class='ocrx_word' id='word_1_311' title='bbox 229 4045 376 4121; x_wconf 83' lang='lat' dir='ltr'><strong>eutandi</strong></span> <span class='ocrx_word' id='word_1_312' title='bbox 390 4039 550 4118; x_wconf 84' lang='lat' dir='ltr'><strong>eiusdem</strong></span> <span class='ocrx_word' id='word_1_313' title='bbox 574 4038 673 4117; x_wconf 77' lang='lat' dir='ltr'><strong>mille</strong></span> <span class='ocrx_word' id='word_1_314' title='bbox 699 4041 1021 4144; x_wconf 84' lang='lat' dir='ltr'><strong>quotienscumque</strong></span> <span class='ocrx_word' id='word_1_315' title='bbox 1045 4061 1083 4116; x_wconf 87' lang='lat' dir='ltr'><strong>et</strong></span> <span class='ocrx_word' id='word_1_316' title='bbox 1096 4041 1417 4206; x_wconf 82' lang='lat' dir='ltr'><strong>qualitercumqued</strong></span> <span class='ocrx_word' id='word_1_317' title='bbox 1432 4057 1521 4113; x_wconf 85' lang='lat' dir='ltr'><strong>eeu·</strong></span> 
     </span>
     <span class='ocr_line' id='line_1_40' title="bbox 1419 4149 1480 4208; baseline 0.033 -2"><span class='ocrx_word' id='word_1_318' title='bbox 1419 4149 1480 4208; x_wconf 83' lang='lat' dir='ltr'><strong>em</strong></span> 
     </span>
    </p>
   </div>
   <div class='ocr_carea' id='block_1_4' title="bbox 0 0 1636 4812">
    <p class='ocr_par' dir='ltr' id='par_1_4' title="bbox 0 0 1636 4812">
     <span class='ocr_line' id='line_1_41' title="bbox 0 0 1636 4812; baseline 0 5"><span class='ocrx_word' id='word_1_319' title='bbox 0 0 1636 4812; x_wconf 95' lang='lat' dir='ltr'><strong> </strong></span> 
     </span>
    </p>
   </div>
  </div>
 </body>
</html>
