3264 4812
175 409 257 496 626
494 359 752 477 Contiuurtio
781 383 1142 474 Monurnentorunr

175 607 543 710 Nurn.CCCL1.
572 603 905 717 Indulgentiae
918 603 979 688 ad
1000 635 1123 690 aram
1141 606 1190 697 S.
1206 605 1476 708 sebastiani

469 719 542 808 M.
573 746 837 804 concessae.
893 718 1038 838 Anno
1061 750 1184 836 1473.

268 893 535 970 UlLLERrVUS
548 887 863 964 Olliensrslatiuus
876 887 1109 967 Tusculanus.
1134 893 1357 968 ANGELUS
1369 897 1479 976 titulo

280 992 399 1066 sancte
414 986 537 1059 Crucis
552 989 588 1058 in
604 981 904 1080 jerusasem,
919 983 1218 1064 THEODORUS
1233 989 1342 1066 lancti
1358 992 1480 1066 Theo.

180 1092 282 1176 dori,
302 1081 560 1183 ιΙΟΗΑΝΝΕὸ
582 1085 726 1152 sanctae
740 1079 848 1151 Lucie
865 1079 1094 1155 Miserarioue
1111 1084 1235 1158 divina
1252 1087 1485 1161 sacrosancte

177 1187 344 1258 Romane
361 1175 512 1251 Ecclesre
536 1172 703 1267 Episcopi
723 1173 934 1255 Presbrteri‚
961 1174 1135 1259 Disconi,
1161 1179 1375 1256 Cardinales
1393 1183 1483 1256 Uui.

178 1279 288 1354 versis
313 1294 351 1350 et
375 1271 520 1364 stragulis
545 1266 667 1338 christi
693 1263 1067 1360 fidelibus-presentes
1099 1269 1240 1343 litteras
1267 1272 1483 1365 inspecturis

179 1374 305 1446 visuris
329 1387 368 1440 et
392 1361 566 1435 audituris
626 1359 786 1432 Salutem
819 1359 858 1432 iu
888 1361 1039 1434 domiuo
1065 1363 1335 1458 sempiternam.
1383 1367 1485 1441 Dum

180 1459 339 1561 precelsa
365 1455 579 1529 meritorum
605 1451 756 1546 insignia
783 1455 913 1550 quibus
938 1456 1103 1530 martires
1134 1459 1254 1531 christi
1285 1479 1351 1552 per
1382 1481 1487 1534 coro-

180 1579 266 1632 nam
291 1552 342 1628 sui
367 1548 517 1622 martirii
542 1547 653 1619 nobili
679 1547 864 1642 triumpho
890 1569 1098 1625 meruerunt
1127 1553 1280 1650 dignum
1305 1553 1489 1649 quinymo

182 1652 311 1748 pocius
337 1645 500 1720 debitum
527 1662 738 1735 reputamus
767 1664 806 1714 ut
832 1645 1000 1716 {scelestas
1026 1644 1195 1742 sacraque
1220 1649 1299 1722 loca
1324 1648 1395 1720 alia
1412 1648 1490 1722 suo·

182 1767 263 1818 tum
288 1744 325 1814 iu
350 1743 525 1813 honorem
553 1737 739 1807 nominum
762 1735 941 1809 institutas
973 1741 1142 1832 grsciolis
1174 1741 1490 1836 indulgenciatum

185 1835 382 1933 impendiis
407 1847 452 1902 ¹et
487 1829 694 1900 muneribus
727 1830 950 1904 decoremus.
999 1833 1200 1921 Cupientes
1224 1835 1338 1930 igitur
1364 1856 1402 1911 ut
1428 1837 1492 1911 ul·
1628 1831 1629 1916 Ῑ

75 1961 77 1966 ·
184 1948 263 2006 tare
288 1925 408 1999 Sancti
432 1923 627 1996 sebastiani
653 1923 756 1996 situm
789 1923 827 1995 iu
853 1924 1066 1998 Parrocbiali
1094 1927 1252 2000 Ecclesia
1276 1931 1386 2002 Beate
1415 1933 1493 2004 Ma·
1628 1917 1629 1964 ³

186 2026 239 2100 rie
268 2018 432 2116 Virginis
458 2018 571 2111 Opidi
599 2019 821 2091 blensensis
849 2016 1074 2113 stilingeusrs
1099 2021 1271 2108 diocesis,
1303 2026 1365 2096 Ao
1420 2026 1493 2098 uod

136 2197 137 2200 ,
188 2118 354 2194 Dilectus
380 2114 416 2187 in
443 2113 578 2186 Christo
603 2112 900 2186 LEOerlllJUS
929 2116 1050 2188 listas,
1073 2113 1297 2208 Capellauus
1333 2043 1496 2192 cinisem

188 2213 327 2290 Altaris
353 2209 567 2300 singularem
593 2225 631 2279 ot
654 2208 860 2299 accepimus
876 2207 973 2295 gerit
987 2209 1203 2281 deuotionis
1218 2207 1389 2283 affectum
1412 2232 1499 2284 con·

189 2307 289 2404 gruis
314 2302 565 2396 frequentetur
590 2301 785 2372 lrouoribus
811 2301 1009 2396 fidelesque
1033 2301 1099 2394 ipsi
1124 2323 1171 2373 eo
1195 2304 1372 2377 libencius
1386 2309 1498 2377 devo·

191 2401 308 2473 ciouis
333 2396 435 2468 causa
460 2394 645 2466 confluant
668 2397 715 2465 ad
739 2395 838 2465 idem
864 2413 903 2464 et
926 2396 1064 2467 ibidem
1089 2398 1189 2469 dono
1214 2398 1353 2471 celestis
1375 2397 1498 2492 gracie

193 2491 350 2565 Vberius
375 2487 627 2578 conspexerint
661 2486 695 2560 se
722 2487 887 2561 refectos.
936 2487 994 2561 De
1020 2490 1285 2581 omnipotentis
1309 2483 1500 2562 dei'mise·

191 2585 346 2661 ricordia
370 2602 407 2654 et
432 2585 624 2657 Beatorum
650 2583 744 2656 Petri
771 2601 808 2655 et
832 2583 930 2655 Pauli
949 2582 1215 2674 Apostolorum
1241 2583 1320 2654 eius
1344 2585 1501 2656 auctori·

194 2700 273 2755 tate
289 2677 409 2751 conlisi
426 2678 576 2751 Necnon
602 2677 867 2770 supplicatione
892 2677 978 2749 dicti
1003 2676 1140 2749 domini
1160 2677 1412 2751 LliONARsll
1435 2698 1500 2749 uo·

193 2775 250 2846 bis
283 2769 436 2860 desuper
468 2773 563 2844 sacta
596 2770 773 2844 inclinati.
850 2769 1031 2842 Omnibus
1063 2790 1101 2843 et
1134 2771 1280 2866 siugulis
1315 2772 1502 2862 utriusque

196 2865 301 2940 sexus
327 2863 451 2937 Cliriili
479 2865 643 2938 libelibus
671 2887 758 2936 vere
783 2863 1027 2957 penitentibus
1053 2863 1270 2939 etconl'ellis
1296 2865 1359 2960 qui
1385 2863 1502 2934 iaPu·

196 2958 407 3035 tilicationis
433 2961 541 3028 Beate
568 2959 683 3031 Marie
711 2959 894 3050 Virginis,
919 2970 1129 3034 sanctorum
1152 2959 1243 3032 sixti
1269 2977 1308 3029 et
1324 2957 1504 3029 sebastia·

198 3055 237 3129 ui
263 3051 473 3132 Mortuum,
506 3052 665 3147 Agnetis
695 3053 868 3147 Virginis.
942 3056 1019 3130 Nec
1042 3048 1114 3126 non
1136 3051 1390 3123 Dedicationis
1416 3049 1506 3124 eius·

200 3151 285 3222 dem
303 3144 438 3220 Altaris
465 3142 716 3219 lestruitatibus
742 3168 763 3220 a
790 3149 916 3222 Primis
941 3148 1099 3240 vesperis
1124 3143 1234 3238 isque
1261 3143 1305 3216 sd
1332 3144 1504 3218 secandas

201 3239 368 3333 vesperas
392 3239 563 3312 iuclusrve
579 3245 707 3314 Altare
732 3245 934 3336 predictum
960 3241 1096 3314 deuote
1122 3239 1347 3314 vilitaucriut
1371 3256 1507 3314 aruina-

203 3335 269 3408 tim
294 3335 401 3402 etad
426 3336 697 3425 reparaciouem
731 3356 773 3408 ac
803 3336 1123 3411 couietuaciouem
1154 3335 1387 3406 Edilicioram
1413 3330 1508 3402 Cali-

203 3448 286 3500 cum
311 3427 483 3498 libroruin
509 3429 728 3522 Mapparum
753 3447 790 3504 et
815 3431 968 3504 aliorum
999 3447 1296 3502 ornamentorum
1321 3440 1391 3522 pro
1414 3424 1508 3496 divi·

204 3543 255 3597 no
268 3521 366 3592 cultu
380 3519 515 3591 ibidem
530 3521 804 3597 uccelsrriorum
818 3546 943 3598 rnauus
956 3525 1186 3616 porrexerint
1202 3521 1405 3594 adiutrices.
1433 3517 1508 3590 Nos

206 3611 414 3693 cardinales
440 3612 571 3706 prelati
595 3633 633 3688 ct
658 3617 810 3714 quilibet
835 3636 998 3691 nostrum
1027 3619 1066 3692 in
1091 3614 1234 3713 singulis
1257 3611 1514 3687 selliuitatibns

207 3709 361 3806 prefatis
385 3711 516 3799 quibus
541 3715 578 3782 id
611 3712 772 3786 iecerint.
830 3718 986 3788 Centum
1019 3717 1097 3788 dies
1130 3711 1439 3804 indulgentiarum
1463 3706 1511 3778 de

209 3805 381 3880 iniunctis
413 3806 465 3878 eis
501 3806 718 3901 penitenciis
744 3808 1018 3880 misericorditer
1049 3809 1087 3883 in
1123 3807 1274 3884 domiuo
1306 3810 1512 3883 relexamus

212 3896 436 4004 presentibus
463 3901 802 3996 prepetuis‘futuris
819 3903 1045 3995 temporibus
1062 3904 1248 3976 duraturis.
1301 3906 1338 3976 ln
1356 3916 1512 3994 auorum

213 4013 376 4065 omnium
403 4013 440 4064 et
463 3997 678 4085 singulorum
706 3996 814 4068 silem
841 4017 878 4069 et
903 3997 1145 4069 testimonium
1163 3997 1417 4090 premissorum
1434 4015 1513 4087 pre·

214 4084 332 4163 serires
357 4091 490 4167 nostras
519 4093 656 4166 litteras
694 4091 770 4165 fieri
796 4094 1067 4188 aollrorurnqrre
1093 4095 1300 4192 Sigillorum
1333 4094 1513 4171 maiorum.

1138 4221 1141 4227 ·
1402 4183 1468 4258 ius-
