3298 4738
161 436 243 525 254
486 413 743 500 continuatio
771 412 1129 510 Monumentorutn

47 757 50 764 .
160 631 295 724 Num.
325 629 476 724 CCV.
519 631 854 751 Indulgentiae
883 641 939 725 iis
969 641 1124 749 datae,
1150 650 1230 764 qui
1260 652 1454 766 singulis

214 770 342 862 feriis
373 775 548 892 quintis
576 775 865 889 processioni
895 805 1001 861 cunr
1032 775 1306 870 Venerabili
1334 793 1399 876 in.

504 906 762 1006 terfuerinl.
817 910 960 999 Anno
992 942 1110 1026 1432.

152 1127 417 1324 MATHEUS
439 1131 497 1205 dei
514 1148 552 1206 et
569 1133 766 1229 apostolice
784 1131 875 1230 fedis
890 1135 1008 1232 gratia
1020 1135 1455 1237 Albinganenrisiipisco·

277 1272 345 1348 pus
369 1249 553 1323 Univeriis
586 1267 624 1324 et
656 1253 801 1370 singulis
825 1252 951 1328 Christi
983 1253 1147 1328 fidelibus
1180 1259 1225 1330 ad
1258 1279 1350 1354 quos
1375 1281 1454 1354 pre·

154 1393 277 1449 sentes
301 1369 537 1466 pervenerint
548 1372 707 1445 Salutem
729 1371 766 1447 in
781 1377 943 1446 oninium
957 1371 1147 1446 silvatore
1157 1372 1383 1449 Transiturus
1406 1379 1454 1452 de

152 1497 224 1568 hoc
249 1488 381 1564 mundo
406 1489 452 1560 ad
477 1487 620 1562 Patrem
645 1491 811 1564 Salvator
845 1492 965 1564 noller
986 1488 1117 1584 Jhelns
1142 1492 1297 1567 Christus
1329 1512 1368 1566 ut
1400 1492 1452 1568 lui
1490 1503 1493 1510 '

152 1610 287 1688 amotis
326 1605 454 1680 eximii
495 1609 666 1700 perennis
691 1610 728 1681 in
753 1608 858 1682 nobis
884 1608 1062 1683 memoria
1086 1629 1289 1683 remaneret
1313 1632 1452 1688 memo·
1508 1626 1510 1630 ·

149 1733 239 1807 riale
278 1721 514 1800 suavidimun
552 1743 597 1798 ao
635 1727 753 1799 nostre
789 1728 920 1801 salutis
958 1727 1092 1823 pignus
1127 1724 1337 1802 tutillnnnm
1373 1749 1448 1801 otn-

149 1851 325 1942 uiumqne
348 1843 546 1940 gratiarum
569 1861 612 1916 uc
636 1843 813 1918 virtutum
828 1845 867 1918 in
892 1843 1176 1918 nordiliusarutn
1194 1846 1309 1942 Super
1325 1845 1449 1921 omnia

148 1966 324 2045 videlicet
355 1959 551 2057 pretiosum
581 1964 752 2058 Corporis
788 1982 827 2037 et
862 1962 1052 2057 Sanguinis
1090 1963 1140 2037 lui
1175 1967 1445 2039 Sacramentum

147 2085 254 2164 nobis
286 2080 432 2176 religuit
457 2079 570 2169 Cujus
603 2081 772 2155 salutiferi
798 2081 1020 2155 sacramenti
1055 2081 1180 2154 laudes
1212 2097 1249 2153 et
1272 2081 1445 2176 preconia

146 2209 186 2283 in
212 2202 351 2300 populo
386 2199 483 2288 lidelj
517 2220 584 2294 pro
610 2199 726 2271 nostre
749 2197 959 2274 devotionis
990 2202 1140 2272 modulo
1163 2198 1347 2274 salubriter
1370 2220 1445 2274 am·

146 2323 311 2424 plilieare
343 2334 381 2391 et
415 2317 583 2390 devotius
622 2315 856 2412 magnificate
878 2317 1069 2412 cupientes
1094 2320 1261 2393 onntibus
1287 2320 1358 2394 deo
1382 2322 1446 2394 de·

149 2444 244 2521 notis
280 2459 368 2513 vere
407 2436 655 2531 penitentibus
689 2452 727 2508 et
763 2430 926 2509 enniessir
961 2437 1023 2531 qui
1049 2432 1258 2531 processioni
1283 2437 1444 2512 solemni

147 2581 261 2661 quarn
297 2559 453 2631 devotus
488 2552 695 2628 Christiania
729 2557 968 2624 Funnctscns
1003 2559 1181 2622 TchTEL
1216 2556 1316 2628 Civis
1341 2554 1443 2651 opidi

146 2676 367 2759 monacensis
406 2671 631 2765 frisingensis
667 2673 803 2745 Dioec:
829 2674 868 2746 in
893 2674 1111 2767 parrochiali
1137 2674 1290 2746 Eccleda
1313 2679 1443 2746 Sancte

142 2803 272 2873 nlanE
297 2791 449 2891 virginis
472 2787 603 2887 prelati
628 2789 729 2886 opidi
754 2791 976 2863 moriacensis
1000 2792 1190 2886 perpetuis
1215 2791 1443 2885 temporibus

142 2912 354 3020 peragende
387 2913 432 2985 de
465 2908 533 2983 suis
558 2908 663 2982 bonis
689 2909 844 3003 propriis
867 2909 931 2981 sibi
955 2929 977 2984 a
1001 2912 1073 2984 deo
1098 2909 1237 2984 collatis
1261 2911 1309 2982 de
1332 2909 1443 2982 licen·

141 3040 195 3114 tin
230 3033 421 3108 voluntate
458 3048 501 3103 ae
525 3025 703 3100 Conlenlu
728 3027 931 3104 Reverendi
972 3028 1009 3102 in
1041 3027 1123 3122 Xpo
1148 3027 1262 3101 Patris
1286 3026 1359 3099 Dni
1383 3031 1441 3095 Nl-

33 3231 37 3237 ,
141 3155 297 3229 confinii
323 3146 488 3244 Episcopi
512 3143 734 3242 frilingensis
759 3167 803 3220 ae
829 3146 1005 3221 tenerulis
1036 3146 1103 3220 viri
1133 3146 1292 3241 Magistri
1317 3151 1439 3214 [ΕΘΝ-

141 3279 271 3348 llARDl
295 3267 457 3358 ejusdem
484 3263 637 3337 Ecclefie
662 3281 750 3337 tuno
771 3264 920 3338 rectoris
947 3265 1098 3338 lnllituit
1121 3264 1289 3338 lunduvit
1313 3280 1351 3337 et
1373 3263 1438 3336 dn-

140 3393 235 3472 tavit
258 3381 473 3484 sufficienter
494 3381 601 3455 certis
627 3383 754 3455 unnnis
777 3381 974 3456 redditibus
998 3383 1045 3455 ad
1069 3381 1140 3455 hoe
1176 3403 1242 3475 per
1264 3404 1347 3456 eum
1374 3385 1438 3458 de-

139 3508 278 3612 putatis
313 3502 507 3577 seeundum
547 3501 646 3595 quod
681 3503 749 3574 hee
787 3501 910 3574 omnia
939 3499 977 3572 in
1003 3499 1123 3574 Literu
1154 3497 1374 3578 fundationis
1399 3520 1439 3578 et

137 3618 437 3709 confirmationis
460 3619 625 3693 dicuntur
648 3619 794 3713 pientius
818 3618 994 3692 contineri
1020 3616 1059 3690 ln
1083 3638 1155 3712 qua
1180 3621 1327 3714 quidem
1352 3642 1437 3716 pto·

139 3747 294 3829 cellione
322 3740 593 3831 Sacramentum
627 3736 743 3829 ipsunt
775 3737 987 3812 admirabile
1018 3754 1104 3810 tunc
1128 3737 1247 3834 dignis
1272 3740 1436 3812 Laudonr

59 3897 60 3900 ¹
143 3863 298 3961 Ympnis
321 3877 360 3934 et
382 3857 532 3930 canticis
555 3853 707 3950 aliisque
732 3855 947 3930 cerimoniis
961 3851 1086 3926 debite
1101 3858 1326 3928 venerationi
1351 3877 1436 3929 con·

144 3987 242 4086 gruis
275 3977 406 4053 deferri
445 3972 643 4048 honorilice
677 3973 1039 4058 debetebdotnadis
1077 3973 1234 4066 Singulis
1272 3991 1314 4046 ea
1361 3994 1436 4069 qua

143 4106 262 4206 ipsum
297 4096 502 4172 institutum
537 4092 587 4168 est
621 4091 681 4170 die
713 4089 842 4189 quinta
879 4089 1071 4170 vindelicet
1093 4089 1184 4167 letio
1207 4092 1266 4167 nel
1290 4091 1361 4168 ulia
1385 4093 1436 4166 le-

1302 4231 1389 4287 eun·
