3298 4738
170 490 253 577 270
495 455 755 570 Continuatio
783 453 1146 549 Monumentomrn

169 681 324 759 sentiunt
347 676 595 776 approbamus
613 677 833 758 ratificamus
841 677 1097 760 confirmamus
1116 696 1155 760 et
1176 679 1287 760 robur
1308 684 1470 762 decerni.

169 823 253 879 mus
276 797 414 878 habere
437 819 617 896 perpetue
641 797 823 876 firmitatis
847 799 885 876 in
902 802 974 876 Dei
1000 800 1151 876 nomine
1176 819 1216 878 et
1239 800 1308 893 hijs
1333 803 1472 902 scriptis

169 923 212 999 in
234 919 335 1012 cujus
358 918 412 994 rei
445 917 690 994 testimonium
715 919 903 1016 presentes
925 919 1101 995 conscribi
1125 937 1165 995 ct
1187 942 1256 1019 per
1280 921 1470 1002 Notarium

169 1041 357 1138 publicum
381 1057 499 1112 caram
524 1038 630 1112 nobis
653 1038 814 1114 Scribam
837 1034 1104 1136 infrascriptum
1128 1039 1279 1115 nomine
1302 1041 1472 1140 etSignis

168 1160 241 1237 suis
265 1155 378 1232 solitis
399 1173 438 1230 et
461 1154 641 1231 consuetis
664 1177 708 1233 oc
731 1153 861 1250 sigilio
880 1157 1074 1232 vicariatus
1112 1158 1221 1233 nostri
1252 1156 1411 1249 iussimus
1436 1175 1475 1236 et

168 1278 322 1354 fecimus
340 1275 561 1372 appensione
583 1274 761 1351 comuniti
779 1274 915 1348 Datum
928 1293 967 1349 ct
981 1290 1103 1349 actutu
1129 1269 1276 1374 seiunge
1296 1277 1336 1350 in
1359 1281 1472 1352 dorno

166 1393 405 1476 habitationis
429 1395 548 1470 nostre
571 1391 674 1468 solite
697 1393 760 1470 sub
785 1397 899 1469 Anno
913 1389 988 1467 Dni
1012 1391 1203 1468 millesimo
1226 1395 1471 1496 quadringen-

166 1517 296 1593 teano
318 1514 497 1589 tricesimo
520 1513 624 1588 sexto
650 1513 850 1590 indictione
873 1529 1002 1607 quarta
1026 1511 1170 1606 decima
1201 1514 1263 1587 die
1295 1536 1385 1589 vero
1410 1537 1472 1591 ve·

168 1635 267 1711 neris
292 1631 467 1724 vigesima
491 1627 796 1728 MenssJonuarij
821 1629 910 1701 hora
930 1627 1162 1725 vesperorum
1187 1631 1249 1705 uel
1272 1631 1370 1725 quas
1385 1637 1471 1707 Pon·

167 1752 325 1829 sificatos
350 1744 549 1823 senctiffimi
574 1748 613 1823 in
637 1748 780 1824 chrisio
805 1745 920 1823 Patris
944 1763 983 1822 et
1007 1745 1082 1822 Dni
1105 1748 1215 1823 nostri
1240 1745 1471 1826 DniEUGE·

167 1871 235 1950 uu
271 1867 397 1943 divino
429 1869 666 1964 providentia
697 1869 795 1964 Pspc
824 1867 944 1964 quarti
967 1886 1066 1943 anno
1089 1867 1221 1964 quinto
1242 1866 1469 1966 presentibus

166 1992 305 2069 ibidem
328 1988 597 2063 venerabilibus
621 1990 708 2062 viris
733 1987 826 2060 Dnis
854 1985 1104 2070 TsEBOLDO
1130 1984 1468 2074 AYCHPERGER,

164 2128 207 2188 ct
232 2103 471 2185 aaflaano
496 2102 827 2179 OT'sENHOFEsi
850 2103 1045 2178 canonius
1069 2105 1217 2180 ecclesie
1240 2102 1470 2204 frisingensis

163 2229 313 2308 testibus
334 2224 382 2302 ad
406 2217 575 2319 premissa
597 2221 739 2300 vocetis
762 2237 802 2299 ct
824 2222 977 2324 rogaris.

257 2465 307 2543 Et
336 2482 411 2561 ego
442 2459 708 2538 ERHARDUS
741 2456 1051 2537 HAGENAUER
1090 2457 1139 2532 de
1171 2454 1465 2539 DrNaaLasua

327 2579 490 2656 Clericus
512 2579 770 2674 ratisponensis
793 2577 923 2656 Diaecr
946 2575 1307 2674 publicnssmperiali
1323 2583 1464 2658 Aucto·

175 2731 180 2738 ·
325 2699 437 2776 ritate
460 2696 623 2772 notarius
648 2698 734 2795 quia
760 2693 935 2796 premissis
959 2696 1130 2772 omnibus
1149 2697 1466 2797 etsingulisdum

325 2820 373 2898 sc
396 2834 438 2896 ut
460 2813 686 2914 premittitur
707 2836 904 2913 agerentur
936 2835 976 2892 et
1001 2815 1131 2890 serent
1153 2833 1309 2890 unacum
1332 2837 1465 2914 preno-

323 2936 473 3018 minatis
497 2934 646 3013 tesiibus
670 2933 817 3033 presens
840 2931 1130 3030 interfuisseque
1153 2934 1201 3008 fic
1223 2933 1300 3009 sieri
1323 2934 1400 3012 vidi
1422 2952 1462 3014 cs

322 3057 446 3138 audivi
477 3077 627 3154 quoque
657 3051 804 3152 presens
837 3053 1023 3150 pubiicum
1048 3050 1327 3129 instrumentum
1349 3074 1463 3131 mann

323 3179 474 3277 propris
508 3175 680 3271 scriptum
696 3174 847 3249 ¹erinde
878 3167 1020 3245 conieci
1044 3168 1235 3266 subscripsi
1260 3172 1463 3267 publicavi,

321 3313 358 3371 ct
380 3297 420 3371 in
444 3295 538 3372 banc
562 3293 746 3392 pubiicum
772 3289 927 3364 sormunt
952 3285 1078 3388 redegi
1103 3289 1290 3387 signoque
1322 3310 1362 3367 ct
1395 3316 1462 3370 no·

321 3413 423 3491 minc
445 3414 539 3489 meis
562 3409 673 3487 solitis
698 3429 737 3482 et
759 3407 939 3484 consuetis
961 3428 1033 3484 unu
1056 3427 1140 3482 curn
1163 3406 1388 3504 appensione
1406 3411 1459 3487 si·

322 3532 403 3633 gilii
427 3531 620 3605 vicariatus
644 3524 777 3625 pressti
801 3527 1013 3626 confignaai
1036 3544 1186 3622 rogetus
1209 3542 1250 3598 ct
1271 3527 1461 3624 requistus

320 3651 361 3726 in
391 3650 502 3727 fidem
531 3643 571 3726 et
600 3645 847 3726 testimouium
881 3644 1048 3726 ommam
1070 3661 1110 3722 et
1131 3642 1352 3759 sagulorunr
1374 3667 1459 3745 pre-

323 3764 523 3847 missorum.
