3302 4740
155 493 237 590 382
482 465 737 554 continuatio
768 463 1124 552 Monumentornm

155 707 259 771 taxat
282 690 342 767 die
367 687 637 763 ebdomadatim
664 705 821 783 excepto
844 687 1056 774 instituerit,
1094 707 1133 761 et
1152 691 1212 762 'dc
1246 689 1352 764 bonis
1380 691 1448 766 suis

153 811 312 910 propriis
334 831 401 904 pro
418 830 489 882 vno
514 811 729 903 reppellano
745 826 925 902 perpetuo
949 805 1086 879 ibidem
1110 809 1280 895 tenendo,
1304 811 1450 906 copiose

154 932 348 1010 dotauerir,
373 947 507 1019 prout,
545 925 611 996 ltcc
635 940 673 995 et
697 925 766 997 alia
793 925 917 1017 plura,
952 945 1116 998 necnon
1141 927 1237 999 bona
1265 930 1312 1000 ad
1336 931 1450 1022 ipsam

150 1045 297 1122 missam
325 1062 540 1138 perpetuam
563 1049 718 1127 donata,
745 1043 781 1115 iu
805 1041 937 1115 litteris
961 1045 1163 1116 dotationis
1189 1047 1341 1138 desuper
1365 1071 1450 1122 con-

153 1161 259 1237 sectis
285 1163 425 1256 plenius
448 1162 711 1244 continentur,
747 1177 922 1254 quatenus
947 1160 1041 1232 dicte
1065 1157 1166 1234 mille
1189 1161 1451 1237 institutionem

153 1281 381 1354 dotationem
421 1298 458 1351 et
494 1275 591 1352 mille
617 1277 898 1350 celebrationem
935 1279 1129 1351 admittere
1162 1296 1201 1351 et
1238 1281 1451 1355 confirmare

152 1397 231 1472 Nec
256 1416 329 1468 non
354 1391 423 1490 ,lus
450 1413 660 1490 patronatus
686 1417 722 1467 ct
747 1393 975 1488 presentandi
1001 1396 1159 1467 eiusdem
1186 1395 1246 1467 sibi
1270 1417 1338 1491 pro
1361 1417 1451 1472 tern-

151 1535 245 1608 pore
271 1513 346 1584 nite
369 1512 453 1598 sne,
492 1534 530 1586 er
555 1515 632 1604 post
656 1514 763 1606 ipsus
787 1511 832 1583 ab
857 1513 924 1584 bac
947 1513 1027 1584 luce
1052 1509 1231 1586 decessum
1258 1515 1450 1590 heredibus

152 1630 229 1703 suis
247 1629 423 1726 legitimis
449 1631 612 1702 masculis
645 1631 691 1702 ab
718 1651 764 1701 eo
789 1628 1089 1702 descendentibus
1122 1632 1144 1701 li
1170 1651 1262 1725 qnos
1286 1649 1372 1704 tunc
1395 1652 1451 1704 re·

151 1747 338 1842 linquent,
362 1746 429 1818 hiis
455 1769 543 1820 vero
566 1745 816 1820 defitientibus
847 1747 1101 1840 spectabilibus
1133 1748 1221 1821 viris
1253 1744 1450 1820 consulatui

152 1863 258 1960 opidi
283 1863 503 1936 monacenbs
528 1865 708 1959 predicti,
731 1866 799 1939 hac
822 1852 992 1960 proxima
1017 1867 1119 1954 vice,
1144 1885 1182 1940 et
1206 1865 1339 1938 deinde
1362 1887 1450 1960 quo·

150 1981 250 2056 tiens
283 1984 450 2057 eamdem
484 2003 613 2056 vacare
636 1982 833 2077 contigerit
860 1984 907 2057 de
939 1981 1083 2077 speciali
1114 1983 1230 2082 gratia
1260 2001 1297 2057 et
1326 1982 1453 2058 lauore

151 2101 336 2174 reseruare
360 2101 602 2200 dignaremur.
637 2107 712 2172 llos
737 2102 849 2196 igitur
884 2101 945 2195 qni
974 2103 1111 2172 cultum
1135 2102 1297 2173 diuinum
1324 2101 1450 2175 nostris

150 2219 380 2312 temporibus
403 2222 583 2314 adaugere
608 2237 646 2289 et
660 2217 837 2311 ampliare
861 2219 1007 2292 intensis
1025 2220 1207 2293 desideriis
1230 2216 1450 2298 affectamus.

153 2335 316 2428 dictique
340 2332 588 2430 JOHANNlS
614 2337 754 2408 lilGEll
781 2338 962 2410 landabile
988 2339 1211 2432 propositum
1235 2339 1272 2410 in
1298 2341 1450 2414 domino

150 2453 400 2531 innutabiliter
425 2473 641 2546 promouere
667 2455 852 2541 volentes,
878 2457 1040 2550 predicte
1065 2452 1161 2528 mille
1186 2456 1451 2533 institutionem
1483 2509 1489 2520 ·

152 2571 381 2647 dotationem
407 2588 444 2642 et
469 2569 733 2658 fundationem,
758 2573 938 2668 ipsiusque
961 2575 1063 2647 iuxta
1088 2573 1308 2647 fundationis
1329 2595 1367 2648 et
1386 2581 1451 2650 do-

149 2687 302 2763 tationis
326 2688 448 2760 literas
474 2690 771 2776 celebrationem,
795 2691 841 2764 de
865 2687 1032 2785 expresso
1055 2693 1188 2786 prelati
1202 2691 1448 2790 JOHANNlS

150 2804 369 2880 nutaret<
394 2805 539 2896 plebani
565 2807 732 2883 consensu
761 2812 797 2882 ln
824 2810 990 2882 omnibus
1015 2808 1081 2879 suls
1096 2811 1257 2883 clausulis
1283 2812 1450 2905 capitulis

151 2942 193 2998 et
215 2923 372 3014 punctis,
394 2926 610 2996 anactoritate
630 2929 744 3000 trollra
765 2928 943 3002 ordinaria
963 2925 1246 3001 confirmandum
1266 2931 1449 3020 duximus,

150 3058 191 3115 et
215 3041 437 3135 presentibus
469 3039 507 3112 in
539 3045 598 3113 dei
634 3048 782 3120 nurnine
812 3046 1065 3120 confirmamus
1089 3043 1239 3142 Juribus
1262 3067 1384 3121 tamen
1410 3066 1449 3121 et

151 3157 468 3232 consuetudinibus
494 3161 640 3232 ecclesie
665 3162 773 3237 beate
793 3166 911 3252 Marie
940 3162 1086 3254 virginis
1112 3167 1277 3259 predicte
1311 3184 1349 3238 et
1372 3169 1449 3260 ple·

150 3277 239 3351 bani
263 3278 439 3363 eiusdem,
464 3276 541 3349 Nec
565 3300 639 3353 non
664 3283 788 3355 nostris
807 3300 845 3354 et
862 3281 1120 3374 cuiuscumque
1142 3286 1286 3358 alterius
1307 3282 1451 3378 semper

151 3394 265 3478 saluis,
292 3393 361 3491 Jus
387 3413 601 3488 patronatus
624 3417 662 3469 et
687 3397 917 3491 presentandi
941 3399 988 3470 ad
1012 3393 1148 3470 millam
1183 3405 1337 3474 eandem
1368 3424 1447 3496 per-

150 3516 272 3585 sonam
289 3515 470 3604 ydoneam
494 3535 559 3607 per
584 3535 650 3586 nos
674 3533 712 3587 ct
735 3511 945 3586 successores
960 3515 1098 3587 nostros
1122 3517 1160 3588 in
1181 3516 1242 3591 illa
1265 3518 1449 3595 inllitueu-

151 3633 251 3718 dam,
275 3631 394 3705 eidem
419 3631 640 3724 ,JOHANNl
669 3653 734 3727 pro
758 3648 926 3726 tempore
951 3633 1027 3706 vite
1051 3631 1132 3717 fue,
1168 3653 1206 3704 et
1229 3637 1362 3709 deiude
1387 3641 1451 3713 be·

152 3749 296 3823 redibas
331 3748 399 3821 suis
423 3749 598 3843 legitimis
634 3750 816 3823 masculini
850 3749 954 3823 sexus
987 3749 1034 3823 ub
1067 3771 1113 3822 eo
1138 3752 1448 3845 descendentibus,

150 3867 243 3962 liqui
266 3867 343 3962 poll
369 3866 479 3961 ipsius
503 3865 644 3940 obitum
669 3865 908 3962 superfuerint
940 3869 1009 3941 lriis
1041 3887 1163 3944 autern
1196 3872 1450 3950 deficientibus

154 3983 351 4058 consulatui
374 3984 539 4078 predicto
564 4003 604 4058 vt
627 3984 807 4080 prefertur
834 3986 1023 4082 perpetuis
1059 3987 1185 4062 futuris
1219 3994 1450 4086 temporibus

152 4099 387 4194 reservamus,
412 4104 579 4182 volentes
603 4120 640 4181 et
658 4111 909 4199 decernentes,
935 4121 973 4181 vt
988 4107 1160 4184 omniaet
1174 4107 1312 4209 lingula
1327 4111 1448 4206 supra·

1030 4317 1041 4354 0
1270 4227 1402 4325 scripta
