3264 4812
558 276 1182 393 EkdmmemlD.meoem,
1433 297 1511 406 «ᾖ

216 514 349 604 Num.
379 503 726 598 cchXVfll.
764 504 828 593 Pa
864 537 889 590 a
911 502 1129 620 prohibet
1146 535 1291 594 novas
1312 514 1516 626 sepulta.

328 624 474 711 rasin
507 620 709 706 ecclesia
738 617 799 704 D.
881 619 1105 702 ,noviter
1133 641 1414 710 constructa.

694 731 838 816 Anno
869 728 1033 838 (1480.)

265 875 400 951 lXTllS
426 873 619 970 episcopus
651 870 771 946 seruus
804 871 986 948 seruorum
1021 871 1079 947 dei
1107 873 1169 949 Ad
1201 892 1418 972 perpetuam
1447 885 1515 959 liei

286 971 512 1046 memoriam
563 970 766 1040 iniunctum
792 969 899 1040 nouis
925 965 1079 1060 desuper
1102 971 1308 1060 apostolice
1332 973 1513 1052 seruitutis

209 1062 367 1141 officium
393 1081 554 1137 mentem
580 1061 735 1134 uoslram
759 1061 931 1134 contiuua
950 1061 1246 1155 pulsatinslantia
1261 1086 1300 1136 ur
1314 1075 1382 1159 per
1394 1073 1513 1147 nostre

75 1179 81 1190 ’
234 1156 420 1233 rouisiouis
446 1154 604 1249 auspicia
630 1151 862 1247 personarum
897 1155 1140 1246 quarumlibet
1164 1156 1269 1229 nobis
1302 1179 1340 1232 et
1365 1181 1513 1257 aposto-

206 1181 275 1330 Eae
299 1251 372 1325 sedi
398 1252 614 1322 deuotarom
641 1265 716 1320 tam
750 1245 952 1319 animarum
977 1263 1087 1338 quarn
1114 1271 1306 1342 corporum
1341 1256 1513 1347 periculis

207 1346 394 1422 salubriter
417 1360 622 1416 occurratur
643 1355 736 1412 sane
761 1361 830 1433 pro
853 1355 958 1432 parte
982 1339 1196 1415 dilectorum
1224 1344 1377 1420 liliorum
1403 1351 1516 1430 Nobi-

206 1442 250 1514 lis
277 1436 574 1512 nemaeum
602 1433 714 1509 Ducis
741 1433 889 1506 Bauarie
922 1451 965 1505 ac
991 1433 1151 1527 Magistri
1184 1435 1319 1510 cituum
1353 1460 1391 1515 et
1415 1449 1510 1523 eon-

205 1533 320 1608 sulum
344 1529 459 1624 Opidi
485 1526 709 1602 Monacensis
735 1525 960 1621 srilingensrs
993 1525 1143 1599 diocesis
1176 1531 1280 1603 nobis
1304 1553 1422 1628 nuper
1445 1562 1510 1614 ex·

202 1628 319 1702 hiuita
332 1623 465 1712 petitio
484 1620 713 1706 continebat,
733 1622 830 1715 quod
851 1617 999 1693 ecclelia
1013 1621 1247 1714 parrochialis
1270 1626 1377 1702 beate
1394 1633 1509 1710 Marie

203 1715 368 1814 virginis
390 1717 429 1790 in
454 1717 553 1790 dicto
578 1713 706 1810 Opido
730 1734 803 1808 que
828 1711 1026 1819 melodum
1044 1717 1181 1788 uetusta
1204 1737 1282 1791 erat
1307 1741 1345 1793 et
1369 1722 1407 1797 in
1433 1747 1507 1822 qua

204 1814 300 1887 clare
323 1809 501 1884 memorie
524 1807 766 1884 LUUOVlCl
787 1807 942 1878 Romam
968 1807 1203 1900 imperatoris
1226 1831 1270 1884 ac
1293 1835 1367 1889 non
1391 1822 1509 1893 nullo·

202 1927 281 1982 rum
307 1906 455 1978 llauarie
481 1904 624 1976 Ducum
648 1917 803 1994 corpora
827 1896 1027 1973 honorifice
1052 1900 1191 1994 sepulta
1215 1901 1294 1979 suut
1315 1929 1508 2007 maguoet

202 1996 410 2092 sumptuoso
435 2015 550 2092 opere
572 1994 619 2069 de
642 2015 741 2066 novo
764 1992 919 2066 conslrui
944 2011 983 2065 et
999 1992 1157 2069 edisrcari
1173 2003 1344 2094 ceptaesl
1358 2026 1394 2077 er
1409 2010 1507 2102 post.

201 2111 312 2188 quam
337 2089 382 2165 sic
404 2092 452 2164 de
475 2111 573 2163 novo
597 2085 753 2161 conllrui
776 2104 885 2180 cepta
916 2083 1124 2159 fuitmulta
1157 2109 1256 2164 nova
1285 2096 1365 2170 loca
1390 2097 1506 2194 sepul.

200 2202 362 2259 totarum
386 2203 459 2278 que
483 2186 582 2278 prius
607 2180 644 2254 in
671 2179 824 2274 antiqua
848 2179 994 2251 ecclelia
1014 2199 1090 2254 nou
1121 2201 1224 2257 erant
1256 2205 1323 2280 per
1346 2191 1506 2270 diuersas

200 2280 390 2373 utriusque
413 2276 516 2349 sexus
568 2272 712 2347 ersonas
737 2272 938 2347 couslrocta
962 2291 1001 2346 et
1023 2291 1144 2349 erecta
1166 2276 1334 2368 luerunt,
1361 2287 1504 2365 dubita·

200 2388 332 2468 turque
355 2391 403 2444 ne
426 2296 662 2466 impoKerum
687 2385 784 2440 noua
809 2364 996 2472 sepulchra
1018 2389 1086 2532 per
1117 2369 1207 2444 alias
1240 2375 1411 2468 personas
1435 2381 1503 2456 ibi·

200 2467 286 2541 dem
310 2465 557 2538 construantur
590 2459 684 2537 adeo
714 2460 815 2556 quod
849 2458 925 2566 ipsa
958 2462 1105 2534 eccesia
1137 2465 1301 2541 maxime
1331 2488 1504 2567 tempore

198 2558 308 2656 pestis
333 2556 517 2630 occasione
542 2555 804 2649 sepulturarum
828 2552 1033 2626 huiusmodi
1059 2555 1112 2628 ita
1135 2555 1345 2656 frequenter
1366 2565 1505 2645 esodia·

199 2671 278 2738 tur,
301 2650 399 2746 quod
424 2668 594 2746 tempore
618 2649 788 2745 predicto
821 2648 922 2754 quod
948 2647 1048 2730 Deus
1072 2668 1214 2726 auertat
1244 2658 1409 2733 universo
1433 2683 1502 2758 po.

197 2747 288 2844 pulo
312 2746 398 2818 dicti
423 2744 537 2838 Opidi
561 2744 749 2818 ecclesiam
774 2743 975 2836 predictam
1002 2743 1156 2817 uilitanti
1181 2750 1340 2826 maxima
1364 2758 1502 2832 exinde

197 2837 430 2938 personarum
456 2839 616 2933 pericula
638 2836 817 2910 imineant
842 2835 961 2911 Quare
985 2854 1052 2944 pro
1076 2856 1183 2932 parte
1198 2845 1405 2920 Allllillsl
1425 2851 1502 2922 Du·

196 2934 249 3007 cis
272 2957 315 3007 ac
336 2931 495 3028 Magistri
513 2931 649 3004 civium
673 2948 712 3001 et
735 2927 929 3004 consulum
951 2933 1197 3036 predictorum
1219 2940 1323 3010 uobis
1348 2939 1419 3013 luit
1433 2947 1499 3018 lus·

194 3027 333 3103 militer
356 3025 569 3121 spplicatum
597 3043 638 3096 ut
659 3023 706 3098 ad
723 3021 941 3117 ‘euitandam
966 3024 1168 3099 huiusmodi
1185 3027 1344 3122 pericula
1360 3033 1397 3109 in
1416 3057 1503 3134 pre·

195 3118 314 3197 missis
339 3137 522 3214 oportune
547 3118 741 3210 prouidere
772 3118 820 3190 de
847 3115 1075 3221 lierrignitate
1102 3123 1305 3214 apostolica
1330 3129 1501 3227 dignare·

195 3233 277 3288 mur
293 3235 359 3288 nos
381 3213 494 3305 igitur
518 3211 578 3306 quoi
602 3229 816 3306 cunctorum
841 3209 1016 3282 Fidelium
1034 3213 1204 3304 periculis
1219 3235 1395 3310 quantum
1411 3245 1496 3301 com

196 3307 268 3380 deo
291 3308 481 3404 possumus
503 3305 660 3380 libenter
675 3307 864 3377 obstamus
890 3301 1092 3376 humsmodi
1105 3304 1426 3400 supplicationibus
1444 3319 1498 3395 iu·

196 3401 318 3475 elinati
345 3401 562 3475 auctoritate
590 3398 792 3490 apostolica
826 3413 954 3470 tenore
979 3395 1198 3490 presentium
1223 3423 1405 3499 perpetuo
1431 3414 1496 3486 sta·

193 3493 327 3572 tuimus
351 3511 390 3568 et
412 3491 523 3566 etiam
548 3492 758 3568 ordinamus
782 3493 883 3588 quod
913 3493 1029 3564 nullus
1053 3500 1312 3593 cuiuscumque
1336 3502 1497 3598 dignita-

193 3589 240 3662 tis
263 3589 373 3664 slatus
396 3589 529 3685 gradus
561 3587 620 3661 nel
645 3586 865 3661 conditionis
895 3585 1025 3658 exiliat
1054 3588 1158 3661 nouis
1191 3589 1385 3682 sepulchris
1415 3603 1496 3694 post

193 3681 444 3781 inceptionem
467 3703 565 3756 noue
589 3679 760 3755 structure
783 3682 880 3754 dicte
904 3680 1049 3753 ecclesre
1074 3681 1112 3752 in
1136 3682 1197 3756 illa
1222 3688 1431 3765 constructis
1456 3712 1496 3768 et

193 3779 324 3853 erectis
349 3773 526 3868 deinceps
550 3773 602 3849 uti
627 3779 748 3852 ualeat
780 3794 844 3848 aut
875 3775 1133 3848 decedentium
1159 3799 1313 3887 corpora
1337 3782 1428 3856 inibi
1444 3789 1496 3861 la-

193 3891 278 3947 cere
301 3867 443 3966 sepeliri
466 3867 526 3945 sed
550 3890 733 3954 marmora
756 3864 928 3946 fiuesrxa
946 3869 1080 3944 eisdem
1097 3871 1202 3942 nouis
1217 3876 1410 3962 sepulchris
1429 3899 1489 3976 ap-

191 3985 317 4065 ponta
340 3969 490 4041 omuino
513 3967 647 4066 exinpe
672 3967 917 4046 extrahantur
940 3983 979 4040 et
1002 3959 1196 4057 cassentur,
1221 3966 1405 4065 sepulchra
1431 3994 1490 4050 au-

753 4061 942 4171 Ppppe
1369 4079 1448 4142 tem
