3200 4908
167 435 265 522 .722
526 405 778 497 continuatio
807 403 1163 500 Monunrcntorunr

181 615 315 700 Nutu.
335 607 808 707 CCCLXXXVIII.
847 609 1484 704 ConserrsrrsCanonicorurrr

181 728 228 806 iu
251 723 520 808 lliuriinsrer
547 753 686 836 super
709 726 1009 810 translatione
1037 725 1335 839 Collegiatae
1364 759 1481 815 suae

361 835 421 918 ad
448 831 710 918 Ecclesiam
741 834 802 919 D.
834 833 895 926 V,
922 832 993 922 M.
1023 833 1286 931 Morrachii.

676 947 819 1034 Anno
867 973 984 1058 1494.

178 1054 241 1241 ln
266 1085 414 1160 nomine
438 1086 577 1160 domini
602 1106 709 1162 anrcn
735 1087 1098 1163 Anrnoan'atioitnte
1113 1090 1272 1166 eiusdem
1288 1091 1485 1165 llillelimo

240 1180 595 1276 quadringeurclinro
621 1181 861 1275 Nonngcsruro
892 1198 1022 1272 quarto
1047 1185 1230 1256 inditione
1262 1188 1487 1260 duotiecima

179 1272 239 1347 die
262 1293 351 1346 uero
377 1277 570 1346 vnlecima
603 1274 731 1346 nrenlis
762 1273 923 1343 octobris
950 1275 1181 1366 pontificatur
1207 1274 1417 1350 sanctissimi
1443 1279 1487 1352 irr

179 1365 315 1438 Christo
347 1368 459 1458 patris
493 1387 531 1440 et
563 1365 702 1440 domini
736 1365 843 1438 nollri
878 1366 1019 1438 donnini
1051 1369 1340 1441 autrannus
1376 1391 1485 1464 pape

177 1458 280 1532 sexti
300 1477 398 1533 antro
423 1459 500 1533 eius
523 1460 633 1533 tertio
660 1462 698 1532 lu
724 1461 797 1530 mei
824 1457 952 1545 trotarij
979 1461 1113 1550 publici
1138 1483 1180 1532 ac
1202 1463 1349 1532 testium
1368 1463 1484 1536 lnlra·

176 1550 390 1642 scriptorum
413 1553 613 1648 specialiter
638 1554 685 1624 aa
719 1550 757 1621 iu
790 1569 1002 1625 vocatorum
1034 1571 1071 1624 et
1096 1573 1308 1645 rogatorum
1332 1555 1486 1646 preren-

177 1643 231 1720 tia
251 1647 289 1719 in
313 1644 470 1742 locoque
495 1643 691 1738 capitular]
717 1642 952 1738 personaliter
967 1645 1146 1720 constituti
1173 1665 1211 1718 et
1227 1648 1484 1740 capitulariter

176 1739 392 1832 congregati
417 1735 644 1814 venerabiles
677 1753 716 1810 et
749 1735 997 1823 circumspecti
1033 1741 1097 1810 uri
1123 1739 1260 1813 donnini
1286 1741 1483 1815 catara

181 1831 357 1904 aarum
388 1834 545 1907 decanus
572 1829 920 1906 WOLFGANGUS
948 1833 1148 1902 llc‘lcllEll
1174 1835 1321 1914 Senior,
1356 1833 1485 1906 THO·

178 1924 283 1997 Mas
320 1922 696 2012 Waaaufluutrm
730 1923 907 1996 PE'sRUi
946 1922 1163 2004 llllAN'sZ,
1201 1922 1483 1998 WOLl'GAN·

179 2017 268 2090 GUS
296 2016 709 2104 turmariorum,
735 2015 993 2112 ,IOHANNES
1019 2015 1481 2108 wt·ttl·llautatr‚,la.

178 2108 396 2188 Roulrlus
421 2109 592 2192 Paulli,
617 2109 934 2184 SlGlSllUNlJUS
961 2109 1390 2183 tttoctsnltsl’tauau
1410 2116 1483 2182 Ca·

177 2203 298 2275 notrici
324 2205 539 2296 capitulares
565 2203 773 2297 Capitulum
798 2203 994 2293 collegiate
1017 2204 1163 2275 ecclelia
1189 2203 1306 2276 Sancti
1331 2201 1476 2292 tlrsrcij

176 2294 214 2366 in
232 2295 496 2369 llllttrlssssll
510 2294 721 2390 stilingcnlis
735 2295 882 2369 diocesis
900 2295 1188 2388 reprcsctrtrutes
1207 2295 1265 2366 suu
1284 2293 1412 2378 litante
1438 2299 1482 2366 li·

176 2388 263 2460 uere
288 2408 325 2462 et
349 2390 553 2462 voluntarie
575 2406 867 2481 reroguoueruut
899 2406 936 2459 et
962 2386 1105 2461 carrielli
1132 2386 1209 2460 suut
1234 2395 1278 2460 Sc
1301 2388 1375 2457 ianr
1404 2389 1483 2477 pri·

176 2483 261 2553 dena
284 2481 414 2555 litteris
438 2482 642 2574 apostolicis
668 2484 713 2558 de
737 2500 774 2553 et
793 2481 897 2574 super
913 2479 1149 2554 trral'latinne
1173 2479 1316 2573 collegi}
1336 2479 1484 2570 preliuc

177 2575 372 2671 collegiata
396 2578 541 2649 ecclelie
566 2576 685 2650 Sancti
707 2574 838 2662 Arsaci}
867 2576 903 2645 in
929 2575 1113 2646 ecelesiam
1132 2571 1240 2644 beate
1265 2571 1381 2645 mario
1397 2573 1486 2645 Vir·

176 2668 272 2758 ginis
299 2671 520 2743 Morraccnsrs
547 2664 771 2742 illustritiimo
797 2666 952 2761 principi
980 2683 1018 2738 et
1044 2665 1194 2739 rlonr'nro
1218 2664 1369 2739 domiuo
1399 2669 1485 2739 Ab·

176 2759 336 2832 BERTO
355 2763 487 2836 Comiti
513 2761 677 2859 palatino
695 2761 783 2834 lleui
808 2781 853 2835 ac
876 2762 950 2833 alte
974 2781 1011 2832 et
1029 2755 1122 2832 balle
1137 2759 1288 2831 Bauarie
1308 2756 1391 2829 dati
1415 2781 1486 2852 per

176 2853 298 2925 sedent
314 2856 549 2946 apostolicam
573 2851 742 2929 concellus
767 2869 804 2926 et
827 2855 966 2927 illarum
983 2847 1198 2948 procellilrus
1212 2847 1372 2924 aunuilse
1393 2871 1485 2925 cotr-

176 2941 311 3019 senulse
336 2965 373 3018 ct
398 2945 549 3042 paruisse
575 2953 701 3040 Atque
726 2946 795 3016 lroc
820 2947 918 3018 inem
943 2945 977 3017 se
1003 2945 1133 3018 iterunr
1158 2962 1196 3015 et
1220 2943 1265 3014 de
1292 2965 1389 3014 nouo
1415 2965 1485 3015 ex·

176 3039 283 3129 super
307 3041 533 3114 habundanti
557 3038 713 3114 lactarus
739 3040 908 3113 dixerunt
933 3059 1042 3134 prout
1066 3055 1102 3111 et
1126 3038 1346 3119 illiceretur,
1372 3056 1483 3109 mox-

177 3151 250 3226 que
275 3151 313 3204 et
338 3135 373 3206 in
397 3135 597 3208 continenti
621 3134 749 3206 litteris
767 3151 804 3206 et
829 3131 1045 3226 protelans
1079 3133 1247 3224 pretaerir
1281 3132 1415 3202 iterant
1442 3153 1484 3204 ct.

176 3226 224 3300 de
249 3247 347 3297 nouo
370 3243 573 3300 annuerunt
596 3226 848 3298 consenserunt
873 3247 911 3298 et
927 3245 1122 3318 putruerunt
1137 3225 1279 3318 aliaque
1297 3221 1482 3308 fecerunt,

176 3333 214 3391 et
241 3339 305 3412 per
331 3318 365 3393 se
388 3317 483 3394 sacta
506 3314 576 3391 ell'e
602 3320 793 3394 uoluerunt
818 3337 926 3412 prout
952 3318 988 3393 in
1009 3322 1165 3415 qualum
1198 3319 1316 3411 papiri
1340 3318 1478 3389 celui-r

179 3431 288 3506 quarn
318 3415 416 3488 idem
451 3414 620 3488 dominus
657 3415 815 3496 tircanus
852 3414 890 3488 iu
925 3410 993 3484 suis
1019 3433 1104 3485 tunc
1129 3413 1279 3482 teneaat
1311 3413 1483 3482 manibus

177 3524 360 3601 quamque
385 3509 431 3580 tic
457 3508 568 3580 verbu
594 3509 639 3579 atl
666 3510 815 3578 verbnm
840 3506 1087 3598 capitulariter
1111 3520 1197 3576 tune
1223 3505 1380 3599 perelegit
1401 3507 1480 3598 ple-

175 3600 256 3672 nius
280 3601 485 3674 continetur
510 3603 618 3674 Cuius
644 3618 748 3671 tenor
772 3596 818 3672 scr
836 3599 929 3671 uitur
960 3601 1005 3672 tle
1033 3599 1142 3672 verbo
1173 3601 1219 3672 ari
1252 3601 1403 3669 uerlruur
1438 3615 1479 3670 et

177 3690 228 3764 est
252 3695 332 3764 talis
368 3693 441 3766 Nos
465 3695 652 3766 CASPAR
680 3693 820 3765 Rasilis?
865 3694 1029 3766 Duc-raus
1054 3711 1096 3764 ac
1123 3689 1295 3762 Canonic'r
1326 3694 1481 3783 Capitu-

177 3786 270 3857 lares
295 3785 583 3878 repucsetrtautes
608 3785 808 3877 capitulum
834 3786 1027 3878 collegiata
1051 3785 1197 3857 ecclelia
1222 3785 1341 3856 Sancti
1369 3784 1477 3856 Arla-

179 3875 220 3964 tij
251 3880 289 3951 iu
324 3879 577 3952 ltrllelEtt
611 3876 820 3970 friliugeulis
851 3877 998 3950 dicretis
1031 3897 1153 3950 cotum
1187 3879 1290 3949 vonis
1323 3875 1477 3948 tlottriuo

179 3969 332 4044 Nutario
354 3988 526 4062 tanquam
552 3973 697 4065 publica
721 3989 758 4043 et
784 3973 967 4042 autentica
995 3969 1144 4062 persona
1168 3989 1210 4041 ac
1235 3969 1382 4040 tellibus
1409 3969 1477 4040 hiis

178 4062 405 4156 presentibus
430 4063 491 4136 sul)
516 4065 620 4136 lunius
646 4061 763 4156 scripti
792 4063 996 4134 tctliurouin
1022 4060 1309 4153 recognoscimus
1334 4081 1371 4133 et
1393 4082 1480 4132 cou-

180 4155 324 4233 litenrur
348 4159 448 4253 quod
471 4177 537 4234 nos
561 4156 691 4232 litteris
716 4155 1047 4253 apullolirrrsuper
1071 4154 1308 4230 translatione
1334 4154 1480 4250 collegii

1368 4267 1434 4324 rru-
