3264 4812
535 341 749 436 Ecclesiae
773 345 821 434 ad
849 343 906 435 D.
936 336 1157 458 Virginem.
1424 365 1506 473 699

212 573 368 670 ligentes
392 567 429 645 se
452 565 672 644 conditioni
694 589 739 645 iic
761 565 874 644 uitam
899 565 1126 646 inhonestam
1156 587 1194 647 et
1218 568 1420 653 dissolutam
1446 582 1512 658 dii·

212 687 316 750 cunt,
343 667 480 740 Verum
502 665 523 736 si
540 669 576 739 in
602 665 746 761 singulis
758 663 914 738 ecclesis
933 665 1083 758 prestitis
1100 667 1397 774 Prepolituraque
1413 676 1510 767 prin.¹

209 762 337 856 cipalis
361 779 399 832 et
426 762 631 834 llecaiiatiis
684 777 729 832 ue
753 780 826 832 noir
852 775 976 831 tamen
994 759 1203 854 principalis
1222 767 1420 860 dignitates
1443 769 1511 844 ini·

206 852 245 928 bi
265 855 421 928 erodunt
446 871 483 926 et
507 855 543 926 in
568 778 731 959 qualilitas
755 854 932 958 dictarum
957 852 1185 960 ecclesiarum
1200 853 1291 928 Tres
1308 859 1508 939 canonica.

204 963 264 1022 tiis
289 963 327 1020 et
350 949 506 1021 totidem
531 965 593 1040 qui
617 947 655 1019 iii
677 947 745 1018 suis
770 945 942 1018 fiuctibus
975 947 1173 1020 redditibus
1203 963 1241 1022 et
1267 955 1506 1043 proueniibus
1533 969 1536 976 ’

202 1040 466 1136 aliquantulum
484 1056 612 1113 tenues
636 1039 682 1113 ad
697 1037 841 1132 presens
866 1036 1023 1110 exiliunt
1048 1051 1114 1134 per
1164 1039 1506 1138 tuosupprimeren·

203 1153 262 1209 tur
286 1149 324 1207 et
348 1133 672 1230 extinqueientui‚
694 1150 733 1205 et
757 1131 991 1226 parrochialis
1005 1135 1102 1206 eccle
1129 1137 1273 1209 abeate
1290 1139 1404 1212 llarie
1423 1141 1505 1216 Vir·

202 1227 302 1324 ginis
326 1226 397 1300 sita·
413 1225 451 1300 in
477 1226 606 1322 insigni
621 1227 745 1320 Opido
765 1222 1010 1300 mobncflo
1036 1245 1246 1320 nuncupato
1270 1227 1368 1303 dicte
1393 1231 1504 1312 lrisin·

201 1321 319 1429 gensis
345 1319 493 1394 diecells
525 1318 719 1416 temporali
750 1319 913 1392 dominio
946 1317 1108 1432 eiusdem
1135 1321 1248 1428 Ducis
1279 1323 1441 1399 subiecto
1463 1346 1504 1405 et

196 1433 338 1592 ilasi?
360 1410 1249 1614 lissislsslsissialils{Lissosssssslls
1274 1413 1397 1584 lise
1415 1441 1501 1589 idi

196 1617 412 1694 patronatus
436 1600 545 1692 ipdus
572 1599 776 1677 ALBERTl
795 1601 908 1673 llucis
932 1600 1071 1687 exiliit,
1095 1621 1138 1673 ac
1161 1621 1198 1673 iir
1223 1619 1295 1694 qua
1311 1605 1406 1677 clare
1421 1627 1498 1682 me·

121 1699 123 1706 '
194 1693 315 1766 morie
339 1691 614 1767 LUDOUlCUs
642 1695 885 1767 Romanorum
921 1692 1124 1786 lmperator
1152 1693 1255 1767 Vnus
1288 1716 1335 1767 ex
1365 1703 1496 1790 prede·

193 1779 386 1859 terroribus
401 1787 470 1859 suis
494 1785 684 1882 requiescit
705 1785 856 1883 ipseque
875 1785 1121 1858 ALBERTUS
1142 1785 1226 1859 Dux
1252 1807 1403 1894 propter
1420 1789 1495 1886 spe·

191 1878 322 1952 titileia
346 1877 584 1954 deriptionem
609 1899 719 1988 quarn
752 1882 798 1952 ad
822 1878 920 1950 illam
952 1875 1062 1952 habet
1091 1877 1188 1954 suam
1220 1883 1356 1954 ibidem
1379 1885 1494 1984 elegit

191 1968 414 2064 sepulturam
440 1976 478 2046 in
498 1975 739 2070 collegiatam
763 1971 946 2046 ecclesiam
970 1991 1051 2043 curn
1072 1971 1186 2067 sigillo
1203 1972 1324 2048 Archa
1345 1980 1493 2054 comuni

190 2084 229 2140 et
252 2061 332 2172 alijs
351 2066 607 2158 Collegialibus
631 2061 792 2159 insigniis
815 2083 860 2138 ac
882 2063 921 2137 iu
945 2084 988 2138 ea
1009 2063 1096 2172 Vm.
1114 2067 1337 2174 Piepiositura
1361 2070 1493 2162 princi-

188 2158 478 2326 essedis
496 2157 1491 2359 debiliuseissildilidli„silbins

187 2359 363 2440 gerentur
386 2363 425 2420 et
455 2343 723 2421 instituerentur
757 2363 826 2416 nec
856 2365 930 2419 uon
964 2346 1206 2418 canonicatus
1237 2363 1275 2417 et
1299 2348 1489 2441 prebende

188 2436 365 2512 dictarum
389 2436 499 2512 sancti
525 2439 681 2515 udalrici
706 2455 745 2512 et
769 2436 878 2513 sancti
904 2433 1041 2526 nisicij
1065 2437 1292 2538 ecclesiarum
1318 2440 1380 2534 qui
1406 2446 1487 2538 post

187 2527 467 2623 suppressionem
492 2549 531 2606 et
554 2531 819 2606 extinctionem
849 2528 1032 2625 predictas
1057 2528 1263 2606 Duodecim
1288 2534 1486 2611 canonica.

184 2635 244 2695 tus
268 2637 306 2696 et
329 2627 485 2698 totidem
510 2626 697 2719 prebende
720 2640 826 2698 erunt
850 2641 919 2696 nec
943 2642 1015 2696 non
1039 2623 1212 2698 canonici
1235 2624 1296 2698 illa
1316 2627 1485 2704 obtineri.

183 2730 242 2788 tes
266 2717 313 2792 ad
337 2719 471 2791 dictam
497 2718 709 2811 erigendam
734 2715 918 2790 ecclesiam
942 2714 980 2789 in
1040 2736 1083 2790 us
1113 2717 1196 2810 quia
1251 2721 1325 2792 lura
1351 2719 1483 2816 simpli.

182 2810 240 2882 cia
265 2810 441 2884 beneficis
465 2811 696 2884 ecclesallica
720 2833 789 2906 per
817 2813 974 2884 eundem
999 2813 1025 2884 L
1063 2739 1288 2885 DOUlCBM
1321 2814 1481 2906 impera.

182 2918 302 2976 torem
331 2902 481 2980 lundata
511 2903 668 2978 exiliunt
699 2924 782 2976 cum
814 2903 982 2975 omnibus
1011 2923 1137 2974 eorum
1168 2905 1272 2977 bonis
1304 2904 1480 2986 sruttibus

181 2996 382 3071 redditibus
404 3015 443 3071 et
467 2996 704 3092 prouentibus
725 2992 980 3070 transferentur
1004 2996 1057 3070 lta
1081 2999 1179 3090 quod
1202 2995 1336 3072 fructus
1359 3004 1479 3078 reddi.

182 3107 241 3163 tus
266 3109 305 3163 et
328 3109 526 3182 prouentus
551 3091 753 3164 huiusmodi
784 3088 880 3163 inter
905 3087 1110 3163 Duodecim
1135 3088 1343 3166 canonicos
1367 3114 1478 3188 equa·

179 3182 264 3256 liter
288 3183 534 3258 diuidereatur
557 3181 759 3276 l’repolitus
788 3203 902 3267 uero,
937 3199 975 3255 et
1004 3181 1172 3257 necinus
1206 3205 1275 3279 pro
1307 3202 1476 3280 tempore

178 3274 376 3349 existentes
401 3279 498 3352 dicte
528 3277 703 3373 erigende
734 3274 881 3349 ecclesie
912 3273 1097 3366 duplicem
1130 3277 1339 3371 portionem
1365 3282 1474 3356 habe·

178 3387 281 3456 rent,
304 3388 348 3442 sc
371 3367 426 3442 ius
450 3385 665 3476 patronatus
688 3387 727 3444 et
750 3366 975 3478 presentandi
995 3368 1189 3535 persarum
1212 3371 1399 3465 ydoneam
1425 3377 1474 3451 ad

165 3462 439 3559 -l’reposituram
464 3463 675 3556 erigendam
701 3459 902 3535 huiusmodi
929 3483 993 3556 pie
1009 3481 1071 3536 ato
1091 3462 1317 3539 ALBERTO
1341 3467 1389 3542 de
1412 3490 1473 3542 cu·

175 3555 233 3629 ius
256 3557 369 3630 etiam
393 3555 471 3630 iure
495 3573 705 3651 patronatus
729 3553 955 3650 Propostura
979 3555 1077 3632 dicte
1100 3556 1247 3631 ecclesie
1272 3557 1381 3632 sancti
1401 3563 1472 3636 Ar.

120 3701 121 3706 a
174 3648 259 3740 sacij
285 3648 426 3734 exiliit,
450 3668 490 3723 et
512 3648 767 3724 successoribus
791 3649 860 3723 suis
884 3651 973 3723 Alte
995 3666 1033 3722 et
1060 3644 1155 3723 Basse
1179 3651 1326 3724 Basarie
1350 3652 1471 3728 huius.

175 3743 276 3818 modi
296 3743 457 3816 Ducibus
482 3763 551 3836 pro
574 3759 743 3836 tempore
767 3743 1002 3816 existentibus
1026 3760 1206 3838 perpetuo
1230 3743 1469 3826 reserusretut

174 3856 213 3911 et
237 3836 496 3910 concederetur
518 3835 685 3931 proiecto
711 3855 758 3907 ex
782 3835 888 3908 dictis
912 3833 1063 3910 Duobus
1094 3835 1267 3911 ruralibus
1291 3838 1467 3936 collegiis

170 3929 297 4005 Uirum
319 3930 458 4024 insigne
488 3946 526 4003 et
556 3928 719 4004 notabile
744 3928 947 4024 Collegium
974 3928 1075 4002 lieret'
1098 3929 1230 4024 prelati
1253 3947 1326 4023 que
1350 3936 1467 4006 Cano·

174 4023 246 4100 irici
270 4039 423 4125 propter
444 4023 515 4098 loci
540 4023 765 4128 dignitatem
787 4045 832 4196 e}
848 4022 976 4119 populi
990 4019 1256 4100 confluentiam
1279 4023 1466 4131 uesci-nci-

762 4189 779 4206 ,
840 4135 945 4195 itta
1361 4138 1419 4215 prs
