<?xml version="1.0" encoding="UTF-8"?>
<!DOCTYPE html PUBLIC "-//W3C//DTD XHTML 1.0 Transitional//EN"
    "http://www.w3.org/TR/xhtml1/DTD/xhtml1-transitional.dtd">
<html xmlns="http://www.w3.org/1999/xhtml" xml:lang="en" lang="en">
 <head>
  <title>
</title>
<meta http-equiv="Content-Type" content="text/html;charset=utf-8" />
  <meta name='ocr-system' content='tesseract 3.04.00' />
  <meta name='ocr-capabilities' content='ocr_page ocr_carea ocr_par ocr_line ocrx_word'/>
</head>
<body>
  <div class='ocr_page' id='page_1' title='image "./monumentaboicae11landgoog_0746.png"; bbox 0 0 3200 4908; ppageno 0'>
   <div class='ocr_carea' id='block_1_1' title="bbox 123 401 1117 548">
    <p class='ocr_par' dir='ltr' id='par_1_1' title="bbox 123 401 1117 548">
     <span class='ocr_line' id='line_1_1' title="bbox 123 401 1117 548; baseline -0.002 -50"><span class='ocrx_word' id='word_1_1' title='bbox 123 451 205 548; x_wconf 78' lang='lat'>734</span> <span class='ocrx_word' id='word_1_2' title='bbox 472 406 729 496; x_wconf 81' lang='lat' dir='ltr'>Continuatio</span> <span class='ocrx_word' id='word_1_3' title='bbox 758 401 1117 496; x_wconf 87' lang='lat' dir='ltr'>Monumentorum</span> 
     </span>
    </p>
   </div>
   <div class='ocr_carea' id='block_1_2' title="bbox 127 625 1518 3061">
    <p class='ocr_par' dir='ltr' id='par_1_2' title="bbox 127 625 1518 2684">
     <span class='ocr_line' id='line_1_2' title="bbox 127 625 1424 739; baseline -0.015 -17"><span class='ocrx_word' id='word_1_4' title='bbox 127 638 265 722; x_wconf 85' lang='lat' dir='ltr'>domini</span> <span class='ocrx_word' id='word_1_5' title='bbox 279 633 387 711; x_wconf 90' lang='lat' dir='ltr'>nostri</span> <span class='ocrx_word' id='word_1_6' title='bbox 411 651 510 730; x_wconf 79' lang='lat' dir='ltr'>pane</span> <span class='ocrx_word' id='word_1_7' title='bbox 534 627 686 723; x_wconf 75' lang='lat' dir='ltr'>desuper</span> <span class='ocrx_word' id='word_1_8' title='bbox 710 643 895 702; x_wconf 75' lang='lat' dir='ltr'>emanatas</span> <span class='ocrx_word' id='word_1_9' title='bbox 911 625 946 701; x_wconf 88' lang='lat' dir='ltr'>se</span> <span class='ocrx_word' id='word_1_10' title='bbox 959 628 1158 705; x_wconf 78' lang='lat' dir='ltr'>reserentes</span> <span class='ocrx_word' id='word_1_11' title='bbox 1173 646 1294 739; x_wconf 87' lang='lat' dir='ltr'>neque</span> <span class='ocrx_word' id='word_1_12' title='bbox 1307 627 1424 703; x_wconf 88' lang='lat' dir='ltr'>etiam</span> 
     </span>
     <span class='ocr_line' id='line_1_3' title="bbox 127 722 1424 832; baseline -0.012 -18"><span class='ocrx_word' id='word_1_13' title='bbox 127 732 398 832; x_wconf 82' lang='lat' dir='ltr'>litispendeutiu</span> <span class='ocrx_word' id='word_1_14' title='bbox 424 730 460 799; x_wconf 90' lang='lat' dir='ltr'>iu</span> <span class='ocrx_word' id='word_1_15' title='bbox 488 727 704 798; x_wconf 84' lang='lat' dir='ltr'>corrtrarium</span> <span class='ocrx_word' id='word_1_16' title='bbox 730 725 887 818; x_wconf 78' lang='lat' dir='ltr'>allegata</span> <span class='ocrx_word' id='word_1_17' title='bbox 912 724 1088 808; x_wconf 81' lang='lat' dir='ltr'>obstaret,</span> <span class='ocrx_word' id='word_1_18' title='bbox 1111 722 1171 799; x_wconf 92' lang='lat' dir='ltr'>seu</span> <span class='ocrx_word' id='word_1_19' title='bbox 1195 744 1306 798; x_wconf 85' lang='lat' dir='ltr'>etrum</span> <span class='ocrx_word' id='word_1_20' title='bbox 1329 725 1424 799; x_wconf 86' lang='lat' dir='ltr'>lubi·</span> 
     </span>
     <span class='ocr_line' id='line_1_4' title="bbox 127 815 1425 912; baseline -0.012 -4"><span class='ocrx_word' id='word_1_21' title='bbox 127 834 220 908; x_wconf 89' lang='lat' dir='ltr'>bitin</span> <span class='ocrx_word' id='word_1_22' title='bbox 238 822 426 900; x_wconf 63' lang='lat' dir='ltr'>tensurulis</span> <span class='ocrx_word' id='word_1_23' title='bbox 446 837 621 902; x_wconf 81' lang='lat' dir='ltr'>executa,</span> <span class='ocrx_word' id='word_1_24' title='bbox 647 837 719 912; x_wconf 92' lang='lat' dir='ltr'>que</span> <span class='ocrx_word' id='word_1_25' title='bbox 744 835 870 890; x_wconf 86' lang='lat' dir='ltr'>coutru</span> <span class='ocrx_word' id='word_1_26' title='bbox 894 815 1009 889; x_wconf 81' lang='lat' dir='ltr'>stiuuu</span> <span class='ocrx_word' id='word_1_27' title='bbox 1037 837 1187 892; x_wconf 87' lang='lat' dir='ltr'>romane</span> <span class='ocrx_word' id='word_1_28' title='bbox 1209 819 1306 893; x_wconf 89' lang='lat' dir='ltr'>curie</span> <span class='ocrx_word' id='word_1_29' title='bbox 1324 837 1425 892; x_wconf 89' lang='lat' dir='ltr'>enra-</span> 
     </span>
     <span class='ocr_line' id='line_1_5' title="bbox 132 909 1430 1016; baseline -0.011 -16"><span class='ocrx_word' id='word_1_30' title='bbox 132 942 219 1000; x_wconf 88' lang='lat' dir='ltr'>nata</span> <span class='ocrx_word' id='word_1_31' title='bbox 239 917 325 992; x_wconf 81' lang='lat' dir='ltr'>etler</span> <span class='ocrx_word' id='word_1_32' title='bbox 349 936 385 988; x_wconf 88' lang='lat' dir='ltr'>er</span> <span class='ocrx_word' id='word_1_33' title='bbox 406 931 599 1007; x_wconf 76' lang='lat' dir='ltr'>propterea</span> <span class='ocrx_word' id='word_1_34' title='bbox 618 909 886 1016; x_wconf 74' lang='lat' dir='ltr'>perpretatum</span> <span class='ocrx_word' id='word_1_35' title='bbox 906 910 1094 984; x_wconf 90' lang='lat' dir='ltr'>dominum</span> <span class='ocrx_word' id='word_1_36' title='bbox 1112 913 1269 985; x_wconf 88' lang='lat' dir='ltr'>nostrum</span> <span class='ocrx_word' id='word_1_37' title='bbox 1288 931 1430 1006; x_wconf 85' lang='lat' dir='ltr'>papam</span> 
     </span>
     <span class='ocr_line' id='line_1_6' title="bbox 130 1002 1431 1110; baseline -0.01 -21"><span class='ocrx_word' id='word_1_38' title='bbox 130 1033 316 1110; x_wconf 84' lang='lat' dir='ltr'>tamquam</span> <span class='ocrx_word' id='word_1_39' title='bbox 338 1007 495 1082; x_wconf 81' lang='lat' dir='ltr'>inualida</span> <span class='ocrx_word' id='word_1_40' title='bbox 515 1025 552 1076; x_wconf 91' lang='lat' dir='ltr'>et</span> <span class='ocrx_word' id='word_1_41' title='bbox 577 1002 808 1088; x_wconf 82' lang='lat' dir='ltr'>exorbitant,</span> <span class='ocrx_word' id='word_1_42' title='bbox 831 1022 1022 1091; x_wconf 82' lang='lat' dir='ltr'>reuocata,</span> <span class='ocrx_word' id='word_1_43' title='bbox 1054 1006 1178 1080; x_wconf 90' lang='lat' dir='ltr'>dando</span> <span class='ocrx_word' id='word_1_44' title='bbox 1225 1005 1342 1080; x_wconf 87' lang='lat' dir='ltr'>resuto</span> <span class='ocrx_word' id='word_1_45' title='bbox 1362 1004 1431 1079; x_wconf 90' lang='lat' dir='ltr'>do·</span> 
     </span>
     <span class='ocr_line' id='line_1_7' title="bbox 133 1026 1431 1208; baseline -0.009 -26"><span class='ocrx_word' id='word_1_46' title='bbox 133 1113 235 1186; x_wconf 90' lang='lat' dir='ltr'>mino</span> <span class='ocrx_word' id='word_1_47' title='bbox 254 1105 335 1180; x_wconf 82' lang='lat' dir='ltr'>nurci</span> <span class='ocrx_word' id='word_1_48' title='bbox 358 1099 599 1208; x_wconf 60' lang='lat' dir='ltr'>uidebit),</span> <span class='ocrx_word' id='word_1_49' title='bbox 615 1094 822 1191; x_wconf 80' lang='lat' dir='ltr'>exequendi</span> <span class='ocrx_word' id='word_1_50' title='bbox 840 1026 1307 1195; x_wconf 61' lang='lat' dir='ltr'>literaaapoliolieasFuper</span> <span class='ocrx_word' id='word_1_51' title='bbox 1320 1093 1431 1172; x_wconf 84' lang='lat' dir='ltr'>trans·</span> 
     </span>
     <span class='ocr_line' id='line_1_8' title="bbox 133 1189 1432 1280; baseline -0.013 -1"><span class='ocrx_word' id='word_1_52' title='bbox 133 1205 310 1280; x_wconf 86' lang='lat' dir='ltr'>lationem</span> <span class='ocrx_word' id='word_1_53' title='bbox 333 1199 509 1268; x_wconf 85' lang='lat' dir='ltr'>dictarum</span> <span class='ocrx_word' id='word_1_54' title='bbox 539 1189 764 1263; x_wconf 81' lang='lat' dir='ltr'>ecclesiarum</span> <span class='ocrx_word' id='word_1_55' title='bbox 790 1207 998 1280; x_wconf 81' lang='lat' dir='ltr'>emanatas,</span> <span class='ocrx_word' id='word_1_56' title='bbox 1030 1189 1092 1266; x_wconf 88' lang='lat' dir='ltr'>seu</span> <span class='ocrx_word' id='word_1_57' title='bbox 1127 1193 1249 1266; x_wconf 80' lang='lat' dir='ltr'>vetius</span> <span class='ocrx_word' id='word_1_58' title='bbox 1276 1190 1432 1265; x_wconf 92' lang='lat' dir='ltr'>domino</span> 
     </span>
     <span class='ocr_line' id='line_1_9' title="bbox 131 1283 1432 1388; baseline -0.012 -17"><span class='ocrx_word' id='word_1_59' title='bbox 131 1287 375 1372; x_wconf 78' lang='lat' dir='ltr'>lixeeutoriin</span> <span class='ocrx_word' id='word_1_60' title='bbox 394 1284 526 1358; x_wconf 90' lang='lat' dir='ltr'>eisdem</span> <span class='ocrx_word' id='word_1_61' title='bbox 547 1286 744 1388; x_wconf 76' lang='lat' dir='ltr'>deputato,</span> <span class='ocrx_word' id='word_1_62' title='bbox 767 1283 918 1356; x_wconf 86' lang='lat' dir='ltr'>liberam</span> <span class='ocrx_word' id='word_1_63' title='bbox 939 1283 1149 1360; x_wconf 68' lang='lat' dir='ltr'>facultatem</span> <span class='ocrx_word' id='word_1_64' title='bbox 1162 1284 1323 1378; x_wconf 66' lang='lat' dir='ltr'>perantia</span> <span class='ocrx_word' id='word_1_65' title='bbox 1337 1304 1432 1379; x_wconf 93' lang='lat' dir='ltr'>quo·</span> 
     </span>
     <span class='ocr_line' id='line_1_10' title="bbox 133 1374 1433 1474; baseline -0.01 -11"><span class='ocrx_word' id='word_1_66' title='bbox 133 1393 217 1465; x_wconf 90' lang='lat' dir='ltr'>dam</span> <span class='ocrx_word' id='word_1_67' title='bbox 238 1384 337 1457; x_wconf 84' lang='lat' dir='ltr'>llreui</span> <span class='ocrx_word' id='word_1_68' title='bbox 355 1378 551 1473; x_wconf 67' lang='lat' dir='ltr'>arnustulico</span> <span class='ocrx_word' id='word_1_69' title='bbox 571 1374 975 1471; x_wconf 65' lang='lat' dir='ltr'>subannulopiseatoris</span> <span class='ocrx_word' id='word_1_70' title='bbox 992 1376 1144 1474; x_wconf 81' lang='lat' dir='ltr'>desuper</span> <span class='ocrx_word' id='word_1_71' title='bbox 1163 1396 1335 1453; x_wconf 80' lang='lat' dir='ltr'>emanata</span> <span class='ocrx_word' id='word_1_72' title='bbox 1353 1377 1433 1470; x_wconf 83' lang='lat' dir='ltr'>ple·</span> 
     </span>
     <span class='ocr_line' id='line_1_11' title="bbox 132 1469 1434 1565; baseline -0.012 -9"><span class='ocrx_word' id='word_1_73' title='bbox 132 1485 214 1556; x_wconf 83' lang='lat' dir='ltr'>nius</span> <span class='ocrx_word' id='word_1_74' title='bbox 224 1473 401 1551; x_wconf 81' lang='lat' dir='ltr'>contineri</span> <span class='ocrx_word' id='word_1_75' title='bbox 413 1469 671 1564; x_wconf 75' lang='lat' dir='ltr'>proponebant</span> <span class='ocrx_word' id='word_1_76' title='bbox 683 1469 820 1546; x_wconf 78' lang='lat' dir='ltr'>tluibus</span> <span class='ocrx_word' id='word_1_77' title='bbox 831 1469 963 1544; x_wconf 83' lang='lat' dir='ltr'>auditis</span> <span class='ocrx_word' id='word_1_78' title='bbox 979 1470 1109 1565; x_wconf 82' lang='lat' dir='ltr'>prel&#39;ati</span> <span class='ocrx_word' id='word_1_79' title='bbox 1122 1473 1263 1546; x_wconf 87' lang='lat' dir='ltr'>domini</span> <span class='ocrx_word' id='word_1_80' title='bbox 1274 1472 1434 1544; x_wconf 81' lang='lat' dir='ltr'>decanus</span> 
     </span>
     <span class='ocr_line' id='line_1_12' title="bbox 136 1563 1437 1660; baseline -0.011 -12"><span class='ocrx_word' id='word_1_81' title='bbox 136 1593 174 1648; x_wconf 92' lang='lat' dir='ltr'>et</span> <span class='ocrx_word' id='word_1_82' title='bbox 182 1568 355 1660; x_wconf 83' lang='lat' dir='ltr'>Canorriei</span> <span class='ocrx_word' id='word_1_83' title='bbox 373 1563 594 1654; x_wconf 73' lang='lat' dir='ltr'>sr&#39;rrurgenles</span> <span class='ocrx_word' id='word_1_84' title='bbox 615 1563 739 1658; x_wconf 83' lang='lat' dir='ltr'>copias</span> <span class='ocrx_word' id='word_1_85' title='bbox 759 1564 937 1638; x_wconf 84' lang='lat' dir='ltr'>dictarunt</span> <span class='ocrx_word' id='word_1_86' title='bbox 955 1564 1139 1638; x_wconf 83' lang='lat' dir='ltr'>literarum</span> <span class='ocrx_word' id='word_1_87' title='bbox 1156 1565 1437 1659; x_wconf 82' lang='lat' dir='ltr'>apostolicarum</span> 
     </span>
     <span class='ocr_line' id='line_1_13' title="bbox 136 1650 1518 1752; baseline -0.012 -11"><span class='ocrx_word' id='word_1_88' title='bbox 136 1668 195 1742; x_wconf 90' lang='lat' dir='ltr'>seu</span> <span class='ocrx_word' id='word_1_89' title='bbox 211 1665 333 1738; x_wconf 85' lang='lat' dir='ltr'>Breuis</span> <span class='ocrx_word' id='word_1_90' title='bbox 349 1657 533 1752; x_wconf 77' lang='lat' dir='ltr'>apostolici</span> <span class='ocrx_word' id='word_1_91' title='bbox 546 1657 605 1728; x_wconf 84' lang='lat' dir='ltr'>sibi</span> <span class='ocrx_word' id='word_1_92' title='bbox 622 1659 708 1728; x_wconf 87' lang='lat' dir='ltr'>dure</span> <span class='ocrx_word' id='word_1_93' title='bbox 725 1656 922 1750; x_wconf 79' lang='lat' dir='ltr'>petierunt,</span> <span class='ocrx_word' id='word_1_94' title='bbox 934 1655 1034 1752; x_wconf 81' lang='lat' dir='ltr'>quasi</span> <span class='ocrx_word' id='word_1_95' title='bbox 1048 1659 1170 1731; x_wconf 90' lang='lat' dir='ltr'>uidem</span> <span class='ocrx_word' id='word_1_96' title='bbox 1181 1657 1306 1752; x_wconf 75' lang='lat' dir='ltr'>copias</span> <span class='ocrx_word' id='word_1_97' title='bbox 1317 1650 1404 1752; x_wconf 86' lang='lat' dir='ltr'>pres</span> <span class='ocrx_word' id='word_1_98' title='bbox 1422 1696 1440 1713; x_wconf 89' lang='lat'><strong>·</strong></span> <span class='ocrx_word' id='word_1_99' title='bbox 1514 1659 1518 1666; x_wconf 84' lang='lat'>&#39;</span> 
     </span>
     <span class='ocr_line' id='line_1_14' title="bbox 136 1744 1440 1853; baseline -0.011 -18"><span class='ocrx_word' id='word_1_100' title='bbox 136 1762 165 1836; x_wconf 90' lang='lat' dir='ltr'>ti</span> <span class='ocrx_word' id='word_1_101' title='bbox 177 1756 315 1833; x_wconf 88' lang='lat' dir='ltr'>domiui</span> <span class='ocrx_word' id='word_1_102' title='bbox 335 1753 554 1853; x_wconf 68' lang='lat' dir='ltr'>Execurorea</span> <span class='ocrx_word' id='word_1_103' title='bbox 569 1750 639 1823; x_wconf 91' lang='lat' dir='ltr'>siue</span> <span class='ocrx_word' id='word_1_104' title='bbox 658 1745 893 1838; x_wconf 78' lang='lat' dir='ltr'>commissarii</span> <span class='ocrx_word' id='word_1_105' title='bbox 908 1751 1035 1846; x_wconf 88' lang='lat' dir='ltr'>apollo</span> <span class='ocrx_word' id='word_1_106' title='bbox 1050 1751 1095 1824; x_wconf 91' lang='lat' dir='ltr'>ici</span> <span class='ocrx_word' id='word_1_107' title='bbox 1116 1751 1189 1826; x_wconf 87' lang='lat' dir='ltr'>sune</span> <span class='ocrx_word' id='word_1_108' title='bbox 1201 1751 1287 1824; x_wconf 90' lang='lat' dir='ltr'>scitu</span> <span class='ocrx_word' id='word_1_109' title='bbox 1301 1744 1440 1844; x_wconf 82' lang='lat' dir='ltr'>prefati</span> 
     </span>
     <span class='ocr_line' id='line_1_15' title="bbox 139 1842 1443 1938; baseline -0.01 -12"><span class='ocrx_word' id='word_1_110' title='bbox 139 1850 279 1927; x_wconf 88' lang='lat' dir='ltr'>domini</span> <span class='ocrx_word' id='word_1_111' title='bbox 291 1848 484 1922; x_wconf 80' lang='lat' dir='ltr'>ducistunc</span> <span class='ocrx_word' id='word_1_112' title='bbox 495 1842 843 1936; x_wconf 83' lang='lat' dir='ltr'>mrnimeureseutis,</span> <span class='ocrx_word' id='word_1_113' title='bbox 857 1845 957 1916; x_wconf 81' lang='lat' dir='ltr'>cuius</span> <span class='ocrx_word' id='word_1_114' title='bbox 969 1847 1036 1917; x_wconf 86' lang='lat' dir='ltr'>hac</span> <span class='ocrx_word' id='word_1_115' title='bbox 1050 1845 1088 1934; x_wconf 87' lang='lat' dir='ltr'>in</span> <span class='ocrx_word' id='word_1_116' title='bbox 1103 1867 1143 1918; x_wconf 90' lang='lat' dir='ltr'>re</span> <span class='ocrx_word' id='word_1_117' title='bbox 1155 1863 1328 1938; x_wconf 87' lang='lat' dir='ltr'>tauquam</span> <span class='ocrx_word' id='word_1_118' title='bbox 1340 1842 1443 1936; x_wconf 85' lang='lat' dir='ltr'>prin·</span> 
     </span>
     <span class='ocr_line' id='line_1_16' title="bbox 141 1933 1444 2124; baseline -0.012 -10"><span class='ocrx_word' id='word_1_119' title='bbox 141 1944 280 2114; x_wconf 71' lang='lat' dir='ltr'>aaut</span> <span class='ocrx_word' id='word_1_120' title='bbox 297 1933 636 2104; x_wconf 61' lang='lat' dir='ltr'>verruntur</span> <span class='ocrx_word' id='word_1_121' title='bbox 652 1933 1262 2124; x_wconf 69' lang='lat' dir='ltr'>aralaurisannum</span> <span class='ocrx_word' id='word_1_122' title='bbox 1279 1937 1444 2100; x_wconf 64' lang='lat' dir='ltr'>rrum</span> 
     </span>
     <span class='ocr_line' id='line_1_17' title="bbox 147 2083 1444 2216; baseline -0.012 -10"><span class='ocrx_word' id='word_1_123' title='bbox 147 2083 343 2206; x_wconf 68' lang='lat' dir='ltr'>voluerunt</span> <span class='ocrx_word' id='word_1_124' title='bbox 362 2123 407 2197; x_wconf 91' lang='lat' dir='ltr'>de</span> <span class='ocrx_word' id='word_1_125' title='bbox 428 2143 502 2216; x_wconf 91' lang='lat' dir='ltr'>quo</span> <span class='ocrx_word' id='word_1_126' title='bbox 523 2141 561 2193; x_wconf 90' lang='lat' dir='ltr'>et</span> <span class='ocrx_word' id='word_1_127' title='bbox 582 2123 660 2194; x_wconf 86' lang='lat' dir='ltr'>aliis</span> <span class='ocrx_word' id='word_1_128' title='bbox 680 2120 854 2216; x_wconf 83' lang='lat' dir='ltr'>premissis</span> <span class='ocrx_word' id='word_1_129' title='bbox 874 2124 1088 2210; x_wconf 78' lang='lat' dir='ltr'>solenniter,</span> <span class='ocrx_word' id='word_1_130' title='bbox 1117 2143 1157 2196; x_wconf 88' lang='lat' dir='ltr'>et</span> <span class='ocrx_word' id='word_1_131' title='bbox 1176 2118 1336 2209; x_wconf 74' lang='lat' dir='ltr'>expresse</span> <span class='ocrx_word' id='word_1_132' title='bbox 1355 2139 1444 2215; x_wconf 79' lang='lat' dir='ltr'>pro·</span> 
     </span>
     <span class='ocr_line' id='line_1_18' title="bbox 147 2215 1448 2313; baseline -0.011 -14"><span class='ocrx_word' id='word_1_133' title='bbox 147 2221 269 2298; x_wconf 84' lang='lat' dir='ltr'>testati</span> <span class='ocrx_word' id='word_1_134' title='bbox 291 2219 370 2292; x_wconf 85' lang='lat' dir='ltr'>sunt</span> <span class='ocrx_word' id='word_1_135' title='bbox 393 2215 630 2310; x_wconf 83' lang='lat' dir='ltr'>llequirentes</span> <span class='ocrx_word' id='word_1_136' title='bbox 647 2235 707 2288; x_wconf 87' lang='lat' dir='ltr'>nre</span> <span class='ocrx_word' id='word_1_137' title='bbox 728 2217 915 2297; x_wconf 76' lang='lat' dir='ltr'>berarium</span> <span class='ocrx_word' id='word_1_138' title='bbox 938 2218 1121 2313; x_wconf 83' lang='lat' dir='ltr'>publicum</span> <span class='ocrx_word' id='word_1_139' title='bbox 1146 2215 1378 2310; x_wconf 86' lang='lat' dir='ltr'>subscriptum</span> <span class='ocrx_word' id='word_1_140' title='bbox 1402 2227 1448 2286; x_wconf 88' lang='lat' dir='ltr'>vt</span> 
     </span>
     <span class='ocr_line' id='line_1_19' title="bbox 152 2306 1448 2417; baseline -0.011 -25"><span class='ocrx_word' id='word_1_141' title='bbox 152 2316 217 2392; x_wconf 87' lang='lat' dir='ltr'>sibi</span> <span class='ocrx_word' id='word_1_142' title='bbox 242 2313 396 2406; x_wconf 85' lang='lat' dir='ltr'>desuper</span> <span class='ocrx_word' id='word_1_143' title='bbox 419 2309 612 2417; x_wconf 76' lang='lat' dir='ltr'>vnumuel</span> <span class='ocrx_word' id='word_1_144' title='bbox 633 2310 737 2402; x_wconf 87' lang='lat' dir='ltr'>plura</span> <span class='ocrx_word' id='word_1_145' title='bbox 755 2310 939 2405; x_wconf 86' lang='lat' dir='ltr'>publicum</span> <span class='ocrx_word' id='word_1_146' title='bbox 960 2311 1032 2384; x_wconf 83' lang='lat' dir='ltr'>siue</span> <span class='ocrx_word' id='word_1_147' title='bbox 1057 2307 1200 2405; x_wconf 84' lang='lat' dir='ltr'>publiea</span> <span class='ocrx_word' id='word_1_148' title='bbox 1226 2306 1448 2382; x_wconf 86' lang='lat' dir='ltr'>conticerem</span> 
     </span>
     <span class='ocr_line' id='line_1_20' title="bbox 146 2399 1448 2487; baseline -0.011 -1"><span class='ocrx_word' id='word_1_149' title='bbox 146 2411 424 2487; x_wconf 88' lang='lat' dir='ltr'>Instrumentum</span> <span class='ocrx_word' id='word_1_150' title='bbox 452 2401 522 2474; x_wconf 90' lang='lat' dir='ltr'>siue</span> <span class='ocrx_word' id='word_1_151' title='bbox 541 2403 776 2476; x_wconf 81' lang='lat' dir='ltr'>instrumenta</span> <span class='ocrx_word' id='word_1_152' title='bbox 800 2407 897 2478; x_wconf 84' lang='lat' dir='ltr'>Acta</span> <span class='ocrx_word' id='word_1_153' title='bbox 921 2401 1000 2478; x_wconf 85' lang='lat' dir='ltr'>surrt</span> <span class='ocrx_word' id='word_1_154' title='bbox 1019 2400 1088 2476; x_wconf 90' lang='lat' dir='ltr'>hec</span> <span class='ocrx_word' id='word_1_155' title='bbox 1107 2403 1143 2476; x_wconf 91' lang='lat' dir='ltr'>iu</span> <span class='ocrx_word' id='word_1_156' title='bbox 1164 2401 1325 2475; x_wconf 80' lang='lat' dir='ltr'>sacristia</span> <span class='ocrx_word' id='word_1_157' title='bbox 1346 2399 1448 2473; x_wconf 83' lang='lat' dir='ltr'>dicte</span> 
     </span>
     <span class='ocr_line' id='line_1_21' title="bbox 148 2489 1447 2600; baseline -0.012 -21"><span class='ocrx_word' id='word_1_158' title='bbox 148 2503 296 2579; x_wconf 84' lang='lat' dir='ltr'>ecclesie</span> <span class='ocrx_word' id='word_1_159' title='bbox 311 2499 349 2571; x_wconf 91' lang='lat' dir='ltr'>in</span> <span class='ocrx_word' id='word_1_160' title='bbox 362 2495 622 2569; x_wconf 74' lang='lat' dir='ltr'>lLbleSThll</span> <span class='ocrx_word' id='word_1_161' title='bbox 642 2493 704 2568; x_wconf 94' lang='lat' dir='ltr'>sub</span> <span class='ocrx_word' id='word_1_162' title='bbox 718 2516 813 2569; x_wconf 88' lang='lat' dir='ltr'>anno</span> <span class='ocrx_word' id='word_1_163' title='bbox 829 2497 1012 2571; x_wconf 90' lang='lat' dir='ltr'>lnditione</span> <span class='ocrx_word' id='word_1_164' title='bbox 1026 2497 1087 2570; x_wconf 93' lang='lat' dir='ltr'>die</span> <span class='ocrx_word' id='word_1_165' title='bbox 1103 2495 1226 2570; x_wconf 90' lang='lat' dir='ltr'>meuse</span> <span class='ocrx_word' id='word_1_166' title='bbox 1247 2511 1286 2567; x_wconf 91' lang='lat' dir='ltr'>et</span> <span class='ocrx_word' id='word_1_167' title='bbox 1298 2489 1447 2600; x_wconf 86' lang='lat' dir='ltr'>pontiti·</span> 
     </span>
     <span class='ocr_line' id='line_1_22' title="bbox 149 2585 1449 2684; baseline -0.015 -12"><span class='ocrx_word' id='word_1_168' title='bbox 149 2617 234 2672; x_wconf 86' lang='lat' dir='ltr'>catu</span> <span class='ocrx_word' id='word_1_169' title='bbox 280 2591 382 2665; x_wconf 81' lang='lat' dir='ltr'>uibus</span> <span class='ocrx_word' id='word_1_170' title='bbox 406 2589 510 2684; x_wconf 87' lang='lat' dir='ltr'>supra</span> <span class='ocrx_word' id='word_1_171' title='bbox 562 2585 759 2661; x_wconf 86' lang='lat' dir='ltr'>resentibus</span> <span class='ocrx_word' id='word_1_172' title='bbox 786 2590 923 2663; x_wconf 81' lang='lat' dir='ltr'>ibidem</span> <span class='ocrx_word' id='word_1_173' title='bbox 946 2590 1136 2664; x_wconf 79' lang='lat' dir='ltr'>Nobilibus</span> <span class='ocrx_word' id='word_1_174' title='bbox 1168 2609 1210 2660; x_wconf 88' lang='lat' dir='ltr'>ae</span> <span class='ocrx_word' id='word_1_175' title='bbox 1238 2587 1367 2660; x_wconf 84' lang='lat' dir='ltr'>validis</span> <span class='ocrx_word' id='word_1_176' title='bbox 1404 2597 1449 2657; x_wconf 84' lang='lat' dir='ltr'>et</span> 
     </span>
    </p>

    <p class='ocr_par' dir='ltr' id='par_1_3' title="bbox 149 2609 1454 3061">
     <span class='ocr_line' id='line_1_23' title="bbox 177 2609 1449 2786; baseline -0.01 -23"><span class='ocrx_word' id='word_1_177' title='bbox 177 2615 314 2763; x_wconf 57' lang='grc' dir='ltr'>τονὶἏίε</span> <span class='ocrx_word' id='word_1_178' title='bbox 341 2684 447 2769; x_wconf 79' lang='lat' dir='ltr'>uiris,</span> <span class='ocrx_word' id='word_1_179' title='bbox 470 2609 744 2756; x_wconf 57' lang='lat' dir='ltr'>iugulatio</span> <span class='ocrx_word' id='word_1_180' title='bbox 765 2682 926 2786; x_wconf 77' lang='lat' dir='ltr'>TORElt</span> <span class='ocrx_word' id='word_1_181' title='bbox 953 2683 1104 2758; x_wconf 80' lang='lat' dir='ltr'>Anam</span> <span class='ocrx_word' id='word_1_182' title='bbox 1129 2677 1449 2756; x_wconf 73' lang='lat' dir='ltr'>s&#39;rnntzllnu-</span> 
     </span>
     <span class='ocr_line' id='line_1_24' title="bbox 149 2713 1450 2869; baseline -0.013 -11"><span class='ocrx_word' id='word_1_183' title='bbox 149 2713 237 2858; x_wconf 52' lang='lat' dir='ltr'>{En</span> <span class='ocrx_word' id='word_1_184' title='bbox 256 2773 543 2854; x_wconf 79' lang='lat' dir='ltr'>PANGRATIO</span> <span class='ocrx_word' id='word_1_185' title='bbox 558 2771 855 2848; x_wconf 82' lang='lat' dir='ltr'>EYSEbstElCll</span> <span class='ocrx_word' id='word_1_186' title='bbox 868 2773 1319 2869; x_wconf 76' lang='lat' dir='ltr'>armiqeriaetANllltErl</span> <span class='ocrx_word' id='word_1_187' title='bbox 1331 2771 1450 2846; x_wconf 84' lang='grc' dir='ltr'><strong>ΚΟΤ-</strong></span> 
     </span>
     <span class='ocr_line' id='line_1_25' title="bbox 153 2851 1454 2974; baseline -0.008 -23"><span class='ocrx_word' id='word_1_188' title='bbox 153 2876 247 2951; x_wconf 86' lang='lat' dir='ltr'>TER</span> <span class='ocrx_word' id='word_1_189' title='bbox 263 2870 455 2974; x_wconf 82' lang='lat' dir='ltr'>Clericoet</span> <span class='ocrx_word' id='word_1_190' title='bbox 469 2865 621 2942; x_wconf 84' lang='lat' dir='ltr'>Notatio</span> <span class='ocrx_word' id='word_1_191' title='bbox 635 2867 782 2963; x_wconf 88' lang='lat' dir='ltr'>publicu</span> <span class='ocrx_word' id='word_1_192' title='bbox 794 2869 892 2944; x_wconf 90' lang='lat' dir='ltr'>dicte</span> <span class='ocrx_word' id='word_1_193' title='bbox 905 2851 1116 2965; x_wconf 71' lang='lat' dir='ltr'>intingendi</span> <span class='ocrx_word' id='word_1_194' title='bbox 1131 2883 1169 2940; x_wconf 94' lang='lat' dir='ltr'>et</span> <span class='ocrx_word' id='word_1_195' title='bbox 1187 2864 1454 2960; x_wconf 76' lang='lat' dir='ltr'>llatisponenfie</span> 
     </span>
     <span class='ocr_line' id='line_1_26' title="bbox 154 2957 1451 3061; baseline -0.008 -13"><span class='ocrx_word' id='word_1_196' title='bbox 154 2967 305 3049; x_wconf 82' lang='lat' dir='ltr'>diocesis</span> <span class='ocrx_word' id='word_1_197' title='bbox 321 2961 485 3037; x_wconf 85' lang='lat' dir='ltr'>Tesbbus</span> <span class='ocrx_word' id='word_1_198' title='bbox 497 2959 543 3034; x_wconf 87' lang='lat' dir='ltr'>ad</span> <span class='ocrx_word' id='word_1_199' title='bbox 558 2957 725 3055; x_wconf 79' lang='lat' dir='ltr'>premissa</span> <span class='ocrx_word' id='word_1_200' title='bbox 742 2964 881 3037; x_wconf 78' lang='lat' dir='ltr'>vocans</span> <span class='ocrx_word' id='word_1_201' title='bbox 904 2963 1106 3060; x_wconf 84' lang='lat' dir='ltr'>specialiter</span> <span class='ocrx_word' id='word_1_202' title='bbox 1123 2983 1233 3061; x_wconf 88' lang='lat' dir='ltr'>atque</span> <span class='ocrx_word' id='word_1_203' title='bbox 1255 2959 1451 3056; x_wconf 71' lang='lat' dir='ltr'>requisitis.</span> 
     </span>
    </p>
   </div>
   <div class='ocr_carea' id='block_1_3' title="bbox 247 3151 1457 3986">
    <p class='ocr_par' dir='ltr' id='par_1_4' title="bbox 248 3151 1457 3524">
     <span class='ocr_line' id='line_1_27' title="bbox 248 3151 1451 3243; baseline 0.007 -23"><span class='ocrx_word' id='word_1_204' title='bbox 248 3161 290 3226; x_wconf 80' lang='lat' dir='ltr'>Et</span> <span class='ocrx_word' id='word_1_205' title='bbox 303 3175 365 3239; x_wconf 82' lang='lat' dir='ltr'>ego</span> <span class='ocrx_word' id='word_1_206' title='bbox 383 3151 674 3219; x_wconf 77' lang='lat' dir='ltr'><strong>PANNGRATIUS&#39;</strong></span> <span class='ocrx_word' id='word_1_207' title='bbox 689 3153 949 3243; x_wconf 73' lang='lat' dir='ltr'>flasutultuult</span> <span class='ocrx_word' id='word_1_208' title='bbox 966 3153 1104 3222; x_wconf 70' lang='lat' dir='ltr'>Geticus</span> <span class='ocrx_word' id='word_1_209' title='bbox 1118 3155 1300 3223; x_wconf 74' lang='lat' dir='ltr'>Peteuienfia</span> <span class='ocrx_word' id='word_1_210' title='bbox 1320 3163 1451 3232; x_wconf 76' lang='lat' dir='ltr'>diocesia</span> 
     </span>
     <span class='ocr_line' id='line_1_28' title="bbox 298 3249 1456 3338; baseline 0.006 -25"><span class='ocrx_word' id='word_1_211' title='bbox 298 3252 437 3334; x_wconf 73' lang='lat' dir='ltr'>publicus</span> <span class='ocrx_word' id='word_1_212' title='bbox 460 3250 608 3329; x_wconf 81' lang='lat' dir='ltr'>Imperitli</span> <span class='ocrx_word' id='word_1_213' title='bbox 633 3251 817 3311; x_wconf 79' lang='lat' dir='ltr'>auctoritate</span> <span class='ocrx_word' id='word_1_214' title='bbox 836 3249 982 3314; x_wconf 72' lang='lat' dir='ltr'>Notarius</span> <span class='ocrx_word' id='word_1_215' title='bbox 1013 3252 1094 3326; x_wconf 81' lang='lat' dir='ltr'>Quia</span> <span class='ocrx_word' id='word_1_216' title='bbox 1113 3251 1287 3316; x_wconf 79' lang='lat' dir='ltr'>huiuamodi</span> <span class='ocrx_word' id='word_1_217' title='bbox 1308 3259 1456 3338; x_wconf 71' lang='lat' dir='ltr'>predictis</span> 
     </span>
     <span class='ocr_line' id='line_1_29' title="bbox 305 3341 1457 3429; baseline 0.01 -24"><span class='ocrx_word' id='word_1_218' title='bbox 305 3343 575 3426; x_wconf 72' lang='lat' dir='ltr'>protestationibus</span> <span class='ocrx_word' id='word_1_219' title='bbox 597 3361 631 3402; x_wconf 81' lang='lat' dir='ltr'>rc</span> <span class='ocrx_word' id='word_1_220' title='bbox 650 3345 793 3406; x_wconf 74' lang='lat' dir='ltr'>omnibus</span> <span class='ocrx_word' id='word_1_221' title='bbox 809 3353 841 3403; x_wconf 86' lang='lat' dir='ltr'>et</span> <span class='ocrx_word' id='word_1_222' title='bbox 856 3341 981 3424; x_wconf 82' lang='lat' dir='ltr'>singultu</span> <span class='ocrx_word' id='word_1_223' title='bbox 1000 3345 1067 3406; x_wconf 77' lang='lat' dir='ltr'>aliie</span> <span class='ocrx_word' id='word_1_224' title='bbox 1080 3345 1151 3406; x_wconf 89' lang='lat' dir='ltr'>dum</span> <span class='ocrx_word' id='word_1_225' title='bbox 1169 3343 1245 3410; x_wconf 84' lang='lat' dir='ltr'>sieut</span> <span class='ocrx_word' id='word_1_226' title='bbox 1265 3352 1457 3429; x_wconf 80' lang='lat' dir='ltr'>premittitur</span> 
     </span>
     <span class='ocr_line' id='line_1_30' title="bbox 300 3438 1452 3524; baseline 0.008 -23"><span class='ocrx_word' id='word_1_227' title='bbox 300 3439 409 3503; x_wconf 80' lang='lat' dir='ltr'>suerent</span> <span class='ocrx_word' id='word_1_228' title='bbox 424 3449 453 3496; x_wconf 82' lang='lat' dir='ltr'>et</span> <span class='ocrx_word' id='word_1_229' title='bbox 468 3449 629 3513; x_wconf 76' lang='lat' dir='ltr'>egerentur</span> <span class='ocrx_word' id='word_1_230' title='bbox 641 3454 775 3498; x_wconf 82' lang='lat' dir='ltr'>unacum</span> <span class='ocrx_word' id='word_1_231' title='bbox 795 3439 1015 3517; x_wconf 74' lang='lat' dir='ltr'>prenominatis</span> <span class='ocrx_word' id='word_1_232' title='bbox 1033 3438 1156 3502; x_wconf 71' lang='lat' dir='ltr'>testibus</span> <span class='ocrx_word' id='word_1_233' title='bbox 1176 3441 1296 3520; x_wconf 81' lang='lat' dir='ltr'>presente</span> <span class='ocrx_word' id='word_1_234' title='bbox 1313 3445 1452 3524; x_wconf 82' lang='lat' dir='ltr'>interlui,</span> 
     </span>
    </p>

    <p class='ocr_par' dir='ltr' id='par_1_5' title="bbox 247 3529 1454 3986">
     <span class='ocr_line' id='line_1_31' title="bbox 247 3529 1452 3614; baseline 0.012 -23"><span class='ocrx_word' id='word_1_235' title='bbox 247 3587 250 3600; x_wconf 82' lang='grc'>,</span> <span class='ocrx_word' id='word_1_236' title='bbox 300 3535 402 3610; x_wconf 85' lang='lat' dir='ltr'>anue</span> <span class='ocrx_word' id='word_1_237' title='bbox 423 3529 462 3591; x_wconf 88' lang='lat' dir='ltr'>lic</span> <span class='ocrx_word' id='word_1_238' title='bbox 477 3529 544 3590; x_wconf 85' lang='lat' dir='ltr'>sieri</span> <span class='ocrx_word' id='word_1_239' title='bbox 563 3530 629 3593; x_wconf 82' lang='lat' dir='ltr'>vidi</span> <span class='ocrx_word' id='word_1_240' title='bbox 645 3540 678 3591; x_wconf 85' lang='lat' dir='ltr'>et</span> <span class='ocrx_word' id='word_1_241' title='bbox 692 3531 795 3592; x_wconf 78' lang='lat' dir='ltr'>audiui</span> <span class='ocrx_word' id='word_1_242' title='bbox 810 3531 943 3613; x_wconf 84' lang='lat' dir='ltr'>Ideoque</span> <span class='ocrx_word' id='word_1_243' title='bbox 962 3533 1024 3594; x_wconf 89' lang='lat' dir='ltr'>lroe</span> <span class='ocrx_word' id='word_1_244' title='bbox 1040 3533 1158 3613; x_wconf 75' lang='lat' dir='ltr'>presens</span> <span class='ocrx_word' id='word_1_245' title='bbox 1171 3535 1322 3614; x_wconf 81' lang='lat' dir='ltr'>publicum</span> <span class='ocrx_word' id='word_1_246' title='bbox 1337 3539 1452 3605; x_wconf 77' lang='lat' dir='ltr'>lutra·</span> 
     </span>
     <span class='ocr_line' id='line_1_32' title="bbox 304 3620 1453 3713; baseline 0.01 -28"><span class='ocrx_word' id='word_1_247' title='bbox 304 3639 440 3688; x_wconf 87' lang='lat' dir='ltr'>mentum</span> <span class='ocrx_word' id='word_1_248' title='bbox 460 3642 550 3684; x_wconf 77' lang='lat' dir='ltr'>manu</span> <span class='ocrx_word' id='word_1_249' title='bbox 572 3641 639 3684; x_wconf 81' lang='lat' dir='ltr'>mee</span> <span class='ocrx_word' id='word_1_250' title='bbox 660 3626 780 3704; x_wconf 81' lang='lat' dir='ltr'>proprie</span> <span class='ocrx_word' id='word_1_251' title='bbox 799 3624 941 3704; x_wconf 85' lang='lat' dir='ltr'>seriptum</span> <span class='ocrx_word' id='word_1_252' title='bbox 963 3620 1076 3688; x_wconf 71' lang='lat' dir='ltr'>euinde</span> <span class='ocrx_word' id='word_1_253' title='bbox 1100 3627 1222 3688; x_wconf 88' lang='lat' dir='ltr'>eonseci</span> <span class='ocrx_word' id='word_1_254' title='bbox 1242 3627 1392 3713; x_wconf 80' lang='lat' dir='ltr'>subscripsi</span> <span class='ocrx_word' id='word_1_255' title='bbox 1418 3647 1453 3700; x_wconf 85' lang='lat' dir='ltr'>et</span> 
     </span>
     <span class='ocr_line' id='line_1_33' title="bbox 306 3715 1453 3802; baseline 0.009 -20"><span class='ocrx_word' id='word_1_256' title='bbox 306 3725 337 3782; x_wconf 89' lang='lat' dir='ltr'>in</span> <span class='ocrx_word' id='word_1_257' title='bbox 365 3720 440 3778; x_wconf 74' lang='lat' dir='ltr'>snae</span> <span class='ocrx_word' id='word_1_258' title='bbox 457 3718 606 3796; x_wconf 80' lang='lat' dir='ltr'>publicem</span> <span class='ocrx_word' id='word_1_259' title='bbox 631 3715 760 3780; x_wconf 78' lang='lat' dir='ltr'>forment</span> <span class='ocrx_word' id='word_1_260' title='bbox 781 3718 884 3798; x_wconf 82' lang='lat' dir='ltr'>redegi</span> <span class='ocrx_word' id='word_1_261' title='bbox 898 3717 996 3800; x_wconf 78' lang='lat' dir='ltr'>Signo</span> <span class='ocrx_word' id='word_1_262' title='bbox 1017 3738 1140 3802; x_wconf 88' lang='lat' dir='ltr'>quoque</span> <span class='ocrx_word' id='word_1_263' title='bbox 1164 3731 1196 3782; x_wconf 87' lang='lat' dir='ltr'>et</span> <span class='ocrx_word' id='word_1_264' title='bbox 1224 3725 1351 3787; x_wconf 84' lang='lat' dir='ltr'>nomine</span> <span class='ocrx_word' id='word_1_265' title='bbox 1375 3731 1453 3794; x_wconf 67' lang='lat' dir='ltr'>neb</span> 
     </span>
     <span class='ocr_line' id='line_1_34' title="bbox 304 3809 1454 3892; baseline 0.012 -18"><span class='ocrx_word' id='word_1_266' title='bbox 304 3809 403 3880; x_wconf 78' lang='lat' dir='ltr'>solitis</span> <span class='ocrx_word' id='word_1_267' title='bbox 425 3811 539 3888; x_wconf 69' lang='lat' dir='ltr'>ligurus</span> <span class='ocrx_word' id='word_1_268' title='bbox 563 3821 689 3890; x_wconf 77' lang='lat' dir='ltr'>rugatur</span> <span class='ocrx_word' id='word_1_269' title='bbox 708 3823 740 3873; x_wconf 89' lang='lat' dir='ltr'>et</span> <span class='ocrx_word' id='word_1_270' title='bbox 759 3810 919 3892; x_wconf 77' lang='lat' dir='ltr'>requifitua</span> <span class='ocrx_word' id='word_1_271' title='bbox 941 3817 973 3878; x_wconf 86' lang='lat' dir='ltr'>iu</span> <span class='ocrx_word' id='word_1_272' title='bbox 995 3815 1085 3878; x_wconf 82' lang='lat' dir='ltr'>sideru</span> <span class='ocrx_word' id='word_1_273' title='bbox 1104 3823 1138 3878; x_wconf 84' lang='lat' dir='ltr'>et</span> <span class='ocrx_word' id='word_1_274' title='bbox 1158 3812 1366 3883; x_wconf 76' lang='lat' dir='ltr'>testimonium</span> <span class='ocrx_word' id='word_1_275' title='bbox 1384 3839 1454 3888; x_wconf 76' lang='lat' dir='ltr'>on·</span> 
     </span>
     <span class='ocr_line' id='line_1_35' title="bbox 305 3903 879 3986; baseline 0 -18"><span class='ocrx_word' id='word_1_276' title='bbox 305 3909 389 3970; x_wconf 77' lang='lat' dir='ltr'>aium</span> <span class='ocrx_word' id='word_1_277' title='bbox 409 3917 438 3967; x_wconf 87' lang='lat' dir='ltr'>et</span> <span class='ocrx_word' id='word_1_278' title='bbox 453 3905 638 3985; x_wconf 81' lang='lat' dir='ltr'>singulorum</span> <span class='ocrx_word' id='word_1_279' title='bbox 657 3903 879 3986; x_wconf 75' lang='lat' dir='ltr'>premissorum.</span> 
     </span>
    </p>
   </div>
   <div class='ocr_carea' id='block_1_4' title="bbox 1061 4181 1406 4266">
    <p class='ocr_par' dir='ltr' id='par_1_6' title="bbox 1061 4181 1406 4266">
     <span class='ocr_line' id='line_1_36' title="bbox 1061 4181 1406 4266; baseline 0.02 -7"><span class='ocrx_word' id='word_1_280' title='bbox 1061 4181 1095 4259; x_wconf 87' lang='lat' dir='ltr'>N</span> <span class='ocrx_word' id='word_1_281' title='bbox 1098 4203 1169 4261; x_wconf 88' lang='lat' dir='ltr'>um.</span> <span class='ocrx_word' id='word_1_282' title='bbox 1185 4183 1406 4266; x_wconf 69' lang='lat' dir='ltr'>cccncw.</span> 
     </span>
    </p>
   </div>
   <div class='ocr_carea' id='block_1_5' title="bbox 0 0 1614 4908">
    <p class='ocr_par' dir='ltr' id='par_1_7' title="bbox 0 0 1614 4908">
     <span class='ocr_line' id='line_1_37' title="bbox 0 0 1614 4908; baseline 0 0"><span class='ocrx_word' id='word_1_283' title='bbox 0 0 1614 4908; x_wconf 95' lang='lat' dir='ltr'> </span> 
     </span>
    </p>
   </div>
  </div>
 </body>
</html>
