<?xml version="1.0" encoding="UTF-8"?>
<!DOCTYPE html PUBLIC "-//W3C//DTD XHTML 1.0 Transitional//EN"
    "http://www.w3.org/TR/xhtml1/DTD/xhtml1-transitional.dtd">
<html xmlns="http://www.w3.org/1999/xhtml" xml:lang="en" lang="en">
 <head>
  <title>
</title>
<meta http-equiv="Content-Type" content="text/html;charset=utf-8" />
  <meta name='ocr-system' content='tesseract 3.04.00' />
  <meta name='ocr-capabilities' content='ocr_page ocr_carea ocr_par ocr_line ocrx_word'/>
</head>
<body>
  <div class='ocr_page' id='page_1' title='image "./monumentaboicae11landgoog_0574.png"; bbox 0 0 3306 4738; ppageno 0'>
   <div class='ocr_carea' id='block_1_1' title="bbox 186 395 1152 513">
    <p class='ocr_par' dir='ltr' id='par_1_1' title="bbox 186 383 1152 513">
     <span class='ocr_line' id='line_1_1' title="bbox 186 395 1152 513; baseline -0.003 -23"><span class='ocrx_word' id='word_1_1' title='bbox 186 409 270 513; x_wconf 80' lang='lat'>562</span> <span class='ocrx_word' id='word_1_2' title='bbox 508 397 764 489; x_wconf 78' lang='lat' dir='ltr'>continuatio</span> <span class='ocrx_word' id='word_1_3' title='bbox 793 395 1152 504; x_wconf 83' lang='lat' dir='ltr'>Monumentorum</span> 
     </span>
    </p>
   </div>
   <div class='ocr_carea' id='block_1_2' title="bbox 183 618 1541 912">
    <p class='ocr_par' dir='ltr' id='par_1_2' title="bbox 183 618 1541 912">
     <span class='ocr_line' id='line_1_2' title="bbox 186 618 1492 732; baseline 0.006 -30"><span class='ocrx_word' id='word_1_4' title='bbox 186 625 313 702; x_wconf 76' lang='lat' dir='ltr'>krautz</span> <span class='ocrx_word' id='word_1_5' title='bbox 337 635 402 722; x_wconf 78' lang='lat' dir='ltr'>tog</span> <span class='ocrx_word' id='word_1_6' title='bbox 426 623 479 698; x_wconf 80' lang='lat' dir='ltr'>alt</span> <span class='ocrx_word' id='word_1_7' title='bbox 501 641 545 730; x_wconf 56' lang='grc' dir='ltr'>εξ</span> <span class='ocrx_word' id='word_1_8' title='bbox 567 618 744 696; x_wconf 81' lang='lat' dir='ltr'>erhllchet</span> <span class='ocrx_word' id='word_1_9' title='bbox 768 620 953 732; x_wconf 34' lang='lat' dir='ltr'>ward&#39;Do</span> <span class='ocrx_word' id='word_1_10' title='bbox 977 641 1063 698; x_wconf 88' lang='lat' dir='ltr'>man</span> <span class='ocrx_word' id='word_1_11' title='bbox 1088 624 1164 701; x_wconf 85' lang='lat' dir='ltr'>zult</span> <span class='ocrx_word' id='word_1_12' title='bbox 1188 625 1286 704; x_wconf 85' lang='lat' dir='ltr'>Naclr</span> <span class='ocrx_word' id='word_1_13' title='bbox 1308 631 1409 724; x_wconf 82' lang='lat' dir='ltr'>crillj</span> <span class='ocrx_word' id='word_1_14' title='bbox 1427 655 1492 730; x_wconf 80' lang='lat' dir='ltr'>ge·</span> 
     </span>
     <span class='ocr_line' id='line_1_3' title="bbox 183 715 1541 912; baseline 0.011 -123"><span class='ocrx_word' id='word_1_15' title='bbox 183 715 488 912; x_wconf 45' lang='lat' dir='ltr'>ffif&#39;fflsem</span> <span class='ocrx_word' id='word_1_16' title='bbox 512 715 748 795; x_wconf 85' lang='lat' dir='ltr'>vrerhuudert</span> <span class='ocrx_word' id='word_1_17' title='bbox 779 719 854 792; x_wconf 86' lang='lat' dir='ltr'>vad</span> <span class='ocrx_word' id='word_1_18' title='bbox 877 737 915 793; x_wconf 88' lang='lat' dir='ltr'>nr</span> <span class='ocrx_word' id='word_1_19' title='bbox 943 719 1028 794; x_wconf 86' lang='lat' dir='ltr'>dem</span> <span class='ocrx_word' id='word_1_20' title='bbox 1052 721 1494 827; x_wconf 81' lang='lat' dir='ltr'>zwayunnlechtzigisten</span> <span class='ocrx_word' id='word_1_21' title='bbox 1534 812 1541 827; x_wconf 44' lang='grc'><strong>,</strong></span> 
     </span>
    </p>
   </div>
   <div class='ocr_carea' id='block_1_3' title="bbox 187 1033 1496 1162">
    <p class='ocr_par' dir='ltr' id='par_1_3' title="bbox 187 967 1496 1162">
     <span class='ocr_line' id='line_1_4' title="bbox 187 1033 1496 1162; baseline 0.005 -35"><span class='ocrx_word' id='word_1_22' title='bbox 187 1040 324 1128; x_wconf 90' lang='lat' dir='ltr'>Num.</span> <span class='ocrx_word' id='word_1_23' title='bbox 353 1033 655 1130; x_wconf 81' lang='lat' dir='ltr'><strong>CCCXXV.</strong></span> <span class='ocrx_word' id='word_1_24' title='bbox 718 1035 957 1123; x_wconf 87' lang='lat' dir='ltr'><strong>Institutio</strong></span> <span class='ocrx_word' id='word_1_25' title='bbox 986 1039 1227 1131; x_wconf 84' lang='lat' dir='ltr'>Ludovici</span> <span class='ocrx_word' id='word_1_26' title='bbox 1254 1043 1496 1162; x_wconf 81' lang='lat' dir='ltr'>Leopoldi</span> 
     </span>
    </p>
   </div>
   <div class='ocr_carea' id='block_1_4' title="bbox 225 1149 1457 1264">
    <p class='ocr_par' dir='ltr' id='par_1_4' title="bbox 225 1149 1457 1264">
     <span class='ocr_line' id='line_1_5' title="bbox 225 1149 1457 1264; baseline 0.006 -27"><span class='ocrx_word' id='word_1_27' title='bbox 225 1151 286 1237; x_wconf 86' lang='lat' dir='ltr'>ad</span> <span class='ocrx_word' id='word_1_28' title='bbox 324 1155 506 1238; x_wconf 83' lang='lat' dir='ltr'>missam</span> <span class='ocrx_word' id='word_1_29' title='bbox 533 1165 808 1264; x_wconf 88' lang='lat' dir='ltr'>perpetuam</span> <span class='ocrx_word' id='word_1_30' title='bbox 835 1151 883 1231; x_wconf 89' lang='lat' dir='ltr'>in</span> <span class='ocrx_word' id='word_1_31' title='bbox 914 1149 1072 1236; x_wconf 86' lang='lat' dir='ltr'>Altari</span> <span class='ocrx_word' id='word_1_32' title='bbox 1096 1152 1183 1242; x_wconf 85' lang='lat' dir='ltr'>SS.</span> <span class='ocrx_word' id='word_1_33' title='bbox 1210 1151 1457 1245; x_wconf 74' lang='lat' dir='ltr'>innocent.</span> 
     </span>
    </p>
   </div>
   <div class='ocr_carea' id='block_1_5' title="bbox 693 1259 1094 1370">
    <p class='ocr_par' dir='ltr' id='par_1_5' title="bbox 693 1259 1094 1370">
     <span class='ocr_line' id='line_1_6' title="bbox 693 1259 1094 1370; baseline 0.017 -26"><span class='ocrx_word' id='word_1_34' title='bbox 693 1259 841 1344; x_wconf 91' lang='lat' dir='ltr'>Anno</span> <span class='ocrx_word' id='word_1_35' title='bbox 866 1263 986 1370; x_wconf 80' lang='lat'>1462.</span> <span class='ocrx_word' id='word_1_36' title='bbox 1091 1321 1094 1328; x_wconf 91' lang='lat'><em>·</em></span> 
     </span>
    </p>
   </div>
   <div class='ocr_carea' id='block_1_6' title="bbox 181 1421 1652 2592">
    <p class='ocr_par' dir='ltr' id='par_1_6' title="bbox 181 1421 1652 2592">
     <span class='ocr_line' id='line_1_7' title="bbox 181 1421 1498 1632; baseline 0.003 -106"><span class='ocrx_word' id='word_1_37' title='bbox 181 1421 459 1632; x_wconf 74' lang='lat' dir='ltr'>Jonanuas</span> <span class='ocrx_word' id='word_1_38' title='bbox 485 1447 547 1525; x_wconf 77' lang='lat' dir='ltr'>uer</span> <span class='ocrx_word' id='word_1_39' title='bbox 570 1446 690 1547; x_wconf 70' lang='lat' dir='ltr'>grana</span> <span class='ocrx_word' id='word_1_40' title='bbox 708 1446 909 1557; x_wconf 79' lang='lat' dir='ltr'>Episcopus</span> <span class='ocrx_word' id='word_1_41' title='bbox 935 1450 1081 1528; x_wconf 75' lang='lat' dir='ltr'>emere</span> <span class='ocrx_word' id='word_1_42' title='bbox 1102 1447 1317 1549; x_wconf 70' lang='lat' dir='ltr'>canigenas</span> <span class='ocrx_word' id='word_1_43' title='bbox 1341 1453 1498 1530; x_wconf 68' lang='lat' dir='ltr'>viruer-</span> 
     </span>
     <span class='ocr_line' id='line_1_8' title="bbox 252 1543 1501 1644; baseline 0.005 -26"><span class='ocrx_word' id='word_1_44' title='bbox 252 1546 294 1619; x_wconf 84' lang='lat' dir='ltr'>lis</span> <span class='ocrx_word' id='word_1_45' title='bbox 319 1561 358 1618; x_wconf 89' lang='lat' dir='ltr'>et</span> <span class='ocrx_word' id='word_1_46' title='bbox 383 1544 529 1642; x_wconf 81' lang='lat' dir='ltr'>lingulis</span> <span class='ocrx_word' id='word_1_47' title='bbox 553 1544 768 1639; x_wconf 81' lang='lat' dir='ltr'>presbiteris</span> <span class='ocrx_word' id='word_1_48' title='bbox 794 1543 929 1617; x_wconf 82' lang='lat' dir='ltr'>curatis</span> <span class='ocrx_word' id='word_1_49' title='bbox 953 1561 991 1618; x_wconf 92' lang='lat' dir='ltr'>et</span> <span class='ocrx_word' id='word_1_50' title='bbox 1014 1568 1090 1620; x_wconf 91' lang='lat' dir='ltr'>non</span> <span class='ocrx_word' id='word_1_51' title='bbox 1113 1549 1249 1621; x_wconf 78' lang='lat' dir='ltr'>curatis</span> <span class='ocrx_word' id='word_1_52' title='bbox 1273 1570 1341 1644; x_wconf 88' lang='lat' dir='ltr'>per</span> <span class='ocrx_word' id='word_1_53' title='bbox 1365 1556 1501 1639; x_wconf 74' lang='lat' dir='ltr'>dyoce-</span> 
     </span>
     <span class='ocr_line' id='line_1_9' title="bbox 188 1637 1501 1732; baseline 0 -18"><span class='ocrx_word' id='word_1_54' title='bbox 188 1641 262 1714; x_wconf 89' lang='lat' dir='ltr'>sem</span> <span class='ocrx_word' id='word_1_55' title='bbox 287 1640 443 1713; x_wconf 86' lang='lat' dir='ltr'>nostram</span> <span class='ocrx_word' id='word_1_56' title='bbox 466 1637 710 1732; x_wconf 79' lang='lat' dir='ltr'>frisingensem</span> <span class='ocrx_word' id='word_1_57' title='bbox 735 1637 889 1710; x_wconf 83' lang='lat' dir='ltr'>voilioet</span> <span class='ocrx_word' id='word_1_58' title='bbox 916 1639 1118 1714; x_wconf 83' lang='lat' dir='ltr'>constitutis</span> <span class='ocrx_word' id='word_1_59' title='bbox 1139 1641 1290 1715; x_wconf 86' lang='lat' dir='ltr'>salutem</span> <span class='ocrx_word' id='word_1_60' title='bbox 1318 1645 1355 1716; x_wconf 92' lang='lat' dir='ltr'>in</span> <span class='ocrx_word' id='word_1_61' title='bbox 1380 1645 1501 1714; x_wconf 84' lang='lat' dir='ltr'>domi·</span> 
     </span>
     <span class='ocr_line' id='line_1_10' title="bbox 186 1728 1540 1903; baseline 0 -1"><span class='ocrx_word' id='word_1_62' title='bbox 186 1728 1419 1903; x_wconf 48' lang='lat' dir='ltr'>litlimtiliil‘viiilffliiivisilisfliiiimffilfissi</span> <span class='ocrx_word' id='word_1_63' title='bbox 1445 1736 1500 1809; x_wconf 73' lang='lat'>‘³³&#39;</span> <span class='ocrx_word' id='word_1_64' title='bbox 1538 1747 1540 1750; x_wconf 65' lang='grc'><strong>’</strong></span> 
     </span>
     <span class='ocr_line' id='line_1_11' title="bbox 200 1851 1501 1903; baseline 0.011 -13"><span class='ocrx_word' id='word_1_65' title='bbox 200 1885 201 1890; x_wconf 71' lang='grc'>,</span> <span class='ocrx_word' id='word_1_66' title='bbox 623 1869 633 1892; x_wconf 70' lang='grc' dir='ltr'>ι</span> <span class='ocrx_word' id='word_1_67' title='bbox 1157 1851 1174 1898; x_wconf 68' lang='lat' dir='ltr'><strong>s</strong></span> <span class='ocrx_word' id='word_1_68' title='bbox 1201 1853 1299 1903; x_wconf 69' lang='lat' dir='ltr'>ecce</span> <span class='ocrx_word' id='word_1_69' title='bbox 1326 1853 1349 1903; x_wconf 74' lang='grc' dir='ltr'>θ</span> <span class='ocrx_word' id='word_1_70' title='bbox 1422 1851 1501 1903; x_wconf 72' lang='grc' dir='ltr'>ΠΟ·</span> 
     </span>
     <span class='ocr_line' id='line_1_12' title="bbox 187 1845 1499 2009; baseline 0.003 -15"><span class='ocrx_word' id='word_1_71' title='bbox 187 1919 314 1994; x_wconf 79' lang='lat' dir='ltr'>chialis</span> <span class='ocrx_word' id='word_1_72' title='bbox 328 1919 365 1992; x_wconf 89' lang='lat' dir='ltr'>in</span> <span class='ocrx_word' id='word_1_73' title='bbox 384 1916 588 1993; x_wconf 74' lang='lat' dir='ltr'>Palatina</span> <span class='ocrx_word' id='word_1_74' title='bbox 608 1914 817 2009; x_wconf 85' lang='lat' dir='ltr'>Kyemenlis</span> <span class='ocrx_word' id='word_1_75' title='bbox 842 1845 1055 1990; x_wconf 73' lang='lat' dir='ltr'>diotelispet</span> <span class='ocrx_word' id='word_1_76' title='bbox 1071 1921 1277 1994; x_wconf 81' lang='lat' dir='ltr'>GABlllEL</span> <span class='ocrx_word' id='word_1_77' title='bbox 1291 1851 1499 1998; x_wconf 52' lang='lat' dir='ltr'>aelfwa-</span> 
     </span>
     <span class='ocr_line' id='line_1_13' title="bbox 187 2006 1503 2108; baseline 0.002 -19"><span class='ocrx_word' id='word_1_78' title='bbox 187 2013 283 2089; x_wconf 85' lang='lat' dir='ltr'>Dus</span> <span class='ocrx_word' id='word_1_79' title='bbox 308 2013 488 2106; x_wconf 74' lang='lat' dir='ltr'><strong>opidanus</strong></span> <span class='ocrx_word' id='word_1_80' title='bbox 511 2008 736 2084; x_wconf 77' lang='lat' dir='ltr'>monacensis</span> <span class='ocrx_word' id='word_1_81' title='bbox 760 2006 890 2084; x_wconf 83' lang='lat' dir='ltr'>sratres</span> <span class='ocrx_word' id='word_1_82' title='bbox 912 2011 951 2083; x_wconf 92' lang='lat' dir='ltr'>in</span> <span class='ocrx_word' id='word_1_83' title='bbox 976 2011 1124 2087; x_wconf 89' lang='lat' dir='ltr'>ecclelia</span> <span class='ocrx_word' id='word_1_84' title='bbox 1148 2015 1364 2108; x_wconf 75' lang='lat' dir='ltr'>parrochiali</span> <span class='ocrx_word' id='word_1_85' title='bbox 1389 2017 1503 2092; x_wconf 87' lang='lat' dir='ltr'>beate</span> 
     </span>
     <span class='ocr_line' id='line_1_14' title="bbox 189 2104 1503 2203; baseline -0.001 -18"><span class='ocrx_word' id='word_1_86' title='bbox 189 2106 309 2185; x_wconf 87' lang='lat' dir='ltr'>Marie</span> <span class='ocrx_word' id='word_1_87' title='bbox 333 2105 485 2203; x_wconf 81' lang='lat' dir='ltr'>virginis</span> <span class='ocrx_word' id='word_1_88' title='bbox 511 2104 611 2200; x_wconf 90' lang='lat' dir='ltr'>opidi</span> <span class='ocrx_word' id='word_1_89' title='bbox 637 2104 861 2177; x_wconf 79' lang='lat' dir='ltr'>monacensis</span> <span class='ocrx_word' id='word_1_90' title='bbox 888 2107 985 2179; x_wconf 90' lang='lat' dir='ltr'>dicte</span> <span class='ocrx_word' id='word_1_91' title='bbox 1009 2106 1129 2180; x_wconf 82' lang='lat' dir='ltr'>nolite</span> <span class='ocrx_word' id='word_1_92' title='bbox 1153 2107 1301 2182; x_wconf 82' lang='lat' dir='ltr'>diocesis</span> <span class='ocrx_word' id='word_1_93' title='bbox 1325 2125 1364 2182; x_wconf 88' lang='lat' dir='ltr'>ct</span> <span class='ocrx_word' id='word_1_94' title='bbox 1386 2107 1426 2183; x_wconf 83' lang='lat' dir='ltr'>in</span> <span class='ocrx_word' id='word_1_95' title='bbox 1449 2111 1503 2184; x_wconf 89' lang='lat' dir='ltr'>al-</span> 
     </span>
     <span class='ocr_line' id='line_1_15' title="bbox 190 2197 1502 2278; baseline 0.001 -1"><span class='ocrx_word' id='word_1_96' title='bbox 190 2201 260 2278; x_wconf 93' lang='lat' dir='ltr'>tari</span> <span class='ocrx_word' id='word_1_97' title='bbox 285 2200 489 2274; x_wconf 89' lang='lat' dir='ltr'>sanctorum</span> <span class='ocrx_word' id='word_1_98' title='bbox 517 2197 769 2274; x_wconf 90' lang='lat' dir='ltr'>lnnocentium</span> <span class='ocrx_word' id='word_1_99' title='bbox 801 2197 840 2272; x_wconf 94' lang='lat' dir='ltr'>in</span> <span class='ocrx_word' id='word_1_100' title='bbox 866 2197 986 2272; x_wconf 85' lang='lat' dir='ltr'>abside</span> <span class='ocrx_word' id='word_1_101' title='bbox 1019 2199 1189 2274; x_wconf 81' lang='lat' dir='ltr'>aduersus</span> <span class='ocrx_word' id='word_1_102' title='bbox 1214 2201 1344 2278; x_wconf 88' lang='lat' dir='ltr'>l&#39;colam</span> <span class='ocrx_word' id='word_1_103' title='bbox 1369 2202 1502 2278; x_wconf 77' lang='lat' dir='ltr'>situato</span> 
     </span>
     <span class='ocr_line' id='line_1_16' title="bbox 190 2290 1504 2396; baseline 0.002 -28"><span class='ocrx_word' id='word_1_104' title='bbox 190 2313 411 2392; x_wconf 86' lang='lat' dir='ltr'>perpetuam</span> <span class='ocrx_word' id='word_1_105' title='bbox 436 2311 549 2388; x_wconf 87' lang='lat' dir='ltr'>atque</span> <span class='ocrx_word' id='word_1_106' title='bbox 574 2290 812 2396; x_wconf 79' lang='lat' dir='ltr'>cottidianam</span> <span class='ocrx_word' id='word_1_107' title='bbox 835 2291 991 2367; x_wconf 83' lang='lat' dir='ltr'>innituit</span> <span class='ocrx_word' id='word_1_108' title='bbox 1015 2294 1160 2369; x_wconf 82' lang='lat' dir='ltr'>misaam</span> <span class='ocrx_word' id='word_1_109' title='bbox 1186 2297 1441 2372; x_wconf 77' lang='lat' dir='ltr'>celebrandam</span> <span class='ocrx_word' id='word_1_110' title='bbox 1462 2313 1504 2371; x_wconf 89' lang='lat' dir='ltr'>et</span> 
     </span>
     <span class='ocr_line' id='line_1_17' title="bbox 189 2383 1501 2557; baseline 0.002 -97"><span class='ocrx_word' id='word_1_111' title='bbox 189 2407 259 2557; x_wconf 56' lang='lat' dir='ltr'>Fet</span> <span class='ocrx_word' id='word_1_112' title='bbox 280 2408 350 2462; x_wconf 82' lang='lat' dir='ltr'>noa</span> <span class='ocrx_word' id='word_1_113' title='bbox 382 2383 429 2460; x_wconf 86' lang='lat' dir='ltr'>ad</span> <span class='ocrx_word' id='word_1_114' title='bbox 461 2405 589 2459; x_wconf 92' lang='lat' dir='ltr'>eorum</span> <span class='ocrx_word' id='word_1_115' title='bbox 620 2402 841 2478; x_wconf 78' lang='lat' dir='ltr'>petitionem</span> <span class='ocrx_word' id='word_1_116' title='bbox 875 2386 979 2461; x_wconf 87' lang='lat' dir='ltr'>iuxta</span> <span class='ocrx_word' id='word_1_117' title='bbox 1003 2389 1203 2464; x_wconf 88' lang='lat' dir='ltr'>Literarum</span> <span class='ocrx_word' id='word_1_118' title='bbox 1234 2390 1501 2464; x_wconf 82' lang='lat' dir='ltr'>institutionem</span> 
     </span>
     <span class='ocr_line' id='line_1_18' title="bbox 207 2475 1652 2592; baseline 0.001 -38"><span class='ocrx_word' id='word_1_119' title='bbox 207 2500 346 2556; x_wconf 88' lang='lat' dir='ltr'>ormam</span> <span class='ocrx_word' id='word_1_120' title='bbox 374 2497 411 2554; x_wconf 88' lang='lat' dir='ltr'>et</span> <span class='ocrx_word' id='word_1_121' title='bbox 433 2497 604 2554; x_wconf 90' lang='lat' dir='ltr'>tenorem</span> <span class='ocrx_word' id='word_1_122' title='bbox 629 2475 881 2554; x_wconf 87' lang='lat' dir='ltr'>confirmatam</span> <span class='ocrx_word' id='word_1_123' title='bbox 911 2502 1039 2555; x_wconf 86' lang='lat' dir='ltr'>verum</span> <span class='ocrx_word' id='word_1_124' title='bbox 1065 2486 1163 2577; x_wconf 82' lang='lat' dir='ltr'>quod</span> <span class='ocrx_word' id='word_1_125' title='bbox 1193 2482 1501 2592; x_wconf 30' lang='lat' dir='ltr'>‘ipseLUDOUl-</span> <span class='ocrx_word' id='word_1_126' title='bbox 1651 2509 1652 2512; x_wconf 38' lang='lat'>¹</span> 
     </span>
    </p>
   </div>
   <div class='ocr_carea' id='block_1_7' title="bbox 1648 187 1657 2284">
    <p class='ocr_par' dir='ltr' id='par_1_7' title="bbox 1648 187 1657 2284">
     <span class='ocr_line' id='line_1_19' title="bbox 1648 187 1657 2284; baseline 0 0"><span class='ocrx_word' id='word_1_127' title='bbox 1648 187 1657 2284; x_wconf 95' lang='lat' dir='ltr'> </span> 
     </span>
    </p>
   </div>
   <div class='ocr_carea' id='block_1_8' title="bbox 189 2572 1504 4242">
    <p class='ocr_par' dir='ltr' id='par_1_8' title="bbox 189 2572 1504 4242">
     <span class='ocr_line' id='line_1_20' title="bbox 191 2572 1503 2650; baseline 0 0"><span class='ocrx_word' id='word_1_128' title='bbox 191 2576 278 2650; x_wconf 86' lang='lat' dir='ltr'>CUS</span> <span class='ocrx_word' id='word_1_129' title='bbox 303 2575 406 2648; x_wconf 89' lang='lat' dir='ltr'>iuxta</span> <span class='ocrx_word' id='word_1_130' title='bbox 428 2572 715 2647; x_wconf 89' lang='lat' dir='ltr'>reseruationem</span> <span class='ocrx_word' id='word_1_131' title='bbox 748 2573 810 2645; x_wconf 80' lang='lat' dir='ltr'>sibi</span> <span class='ocrx_word' id='word_1_132' title='bbox 845 2595 867 2646; x_wconf 92' lang='lat' dir='ltr'>a</span> <span class='ocrx_word' id='word_1_133' title='bbox 896 2575 1004 2648; x_wconf 87' lang='lat' dir='ltr'>nobis</span> <span class='ocrx_word' id='word_1_134' title='bbox 1038 2577 1076 2648; x_wconf 92' lang='lat' dir='ltr'>in</span> <span class='ocrx_word' id='word_1_135' title='bbox 1101 2575 1426 2650; x_wconf 80' lang='lat' dir='ltr'>consumationem</span> <span class='ocrx_word' id='word_1_136' title='bbox 1452 2578 1503 2650; x_wconf 89' lang='lat' dir='ltr'>de</span> 
     </span>
     <span class='ocr_line' id='line_1_21' title="bbox 190 2665 1504 2764; baseline -0.001 -21"><span class='ocrx_word' id='word_1_137' title='bbox 190 2669 298 2764; x_wconf 91' lang='lat' dir='ltr'>super</span> <span class='ocrx_word' id='word_1_138' title='bbox 323 2667 454 2742; x_wconf 83' lang='lat' dir='ltr'>factam</span> <span class='ocrx_word' id='word_1_139' title='bbox 479 2667 685 2763; x_wconf 79' lang='lat' dir='ltr'>legitimam</span> <span class='ocrx_word' id='word_1_140' title='bbox 712 2665 863 2738; x_wconf 83' lang='lat' dir='ltr'>liaberet</span> <span class='ocrx_word' id='word_1_141' title='bbox 887 2669 934 2740; x_wconf 90' lang='lat' dir='ltr'>ad</span> <span class='ocrx_word' id='word_1_142' title='bbox 958 2665 1073 2762; x_wconf 82' lang='lat' dir='ltr'>ipsam</span> <span class='ocrx_word' id='word_1_143' title='bbox 1099 2667 1240 2744; x_wconf 79' lang='lat' dir='ltr'>missam</span> <span class='ocrx_word' id='word_1_144' title='bbox 1265 2671 1386 2742; x_wconf 89' lang='lat' dir='ltr'>taliter</span> <span class='ocrx_word' id='word_1_145' title='bbox 1405 2670 1504 2742; x_wconf 89' lang='lat' dir='ltr'>insli-</span> 
     </span>
     <span class='ocr_line' id='line_1_22' title="bbox 189 2758 1501 2859; baseline -0.001 -22"><span class='ocrx_word' id='word_1_146' title='bbox 189 2780 309 2838; x_wconf 88' lang='lat' dir='ltr'>tutam</span> <span class='ocrx_word' id='word_1_147' title='bbox 336 2761 544 2859; x_wconf 82' lang='lat' dir='ltr'>presentare</span> <span class='ocrx_word' id='word_1_148' title='bbox 567 2758 758 2856; x_wconf 83' lang='lat' dir='ltr'>personam</span> <span class='ocrx_word' id='word_1_149' title='bbox 792 2759 867 2833; x_wconf 82' lang='lat' dir='ltr'>Nos</span> <span class='ocrx_word' id='word_1_150' title='bbox 898 2776 1024 2835; x_wconf 89' lang='lat' dir='ltr'>tamen</span> <span class='ocrx_word' id='word_1_151' title='bbox 1055 2763 1125 2836; x_wconf 90' lang='lat' dir='ltr'>hac</span> <span class='ocrx_word' id='word_1_152' title='bbox 1159 2765 1242 2838; x_wconf 84' lang='lat' dir='ltr'>vice</span> <span class='ocrx_word' id='word_1_153' title='bbox 1266 2760 1501 2838; x_wconf 80' lang='lat' dir='ltr'>attendentes</span> 
     </span>
     <span class='ocr_line' id='line_1_23' title="bbox 191 2853 1501 2952; baseline -0.003 -20"><span class='ocrx_word' id='word_1_154' title='bbox 191 2857 328 2932; x_wconf 89' lang='lat' dir='ltr'>bonum</span> <span class='ocrx_word' id='word_1_155' title='bbox 355 2874 393 2929; x_wconf 88' lang='lat' dir='ltr'>et</span> <span class='ocrx_word' id='word_1_156' title='bbox 418 2856 591 2928; x_wconf 86' lang='lat' dir='ltr'>sincerum</span> <span class='ocrx_word' id='word_1_157' title='bbox 614 2853 724 2950; x_wconf 80' lang='lat' dir='ltr'>ipsius</span> <span class='ocrx_word' id='word_1_158' title='bbox 750 2853 982 2929; x_wconf 84' lang='lat' dir='ltr'>LUllOUlCl</span> <span class='ocrx_word' id='word_1_159' title='bbox 1006 2855 1137 2929; x_wconf 87' lang='lat' dir='ltr'>Zelum</span> <span class='ocrx_word' id='word_1_160' title='bbox 1162 2879 1231 2951; x_wconf 89' lang='lat' dir='ltr'>pro</span> <span class='ocrx_word' id='word_1_161' title='bbox 1256 2859 1424 2952; x_wconf 82' lang='lat' dir='ltr'>ampliori</span> <span class='ocrx_word' id='word_1_162' title='bbox 1446 2859 1501 2928; x_wconf 91' lang='lat' dir='ltr'>in·</span> 
     </span>
     <span class='ocr_line' id='line_1_24' title="bbox 191 2944 1502 3048; baseline -0.002 -25"><span class='ocrx_word' id='word_1_163' title='bbox 191 2967 383 3023; x_wconf 84' lang='lat' dir='ltr'>cremento</span> <span class='ocrx_word' id='word_1_164' title='bbox 408 2948 417 3020; x_wconf 96' lang='lat' dir='ltr'>i</span> <span class='ocrx_word' id='word_1_165' title='bbox 450 2951 514 3020; x_wconf 85' lang='lat' dir='ltr'>sius</span> <span class='ocrx_word' id='word_1_166' title='bbox 541 2944 640 3020; x_wconf 86' lang='lat' dir='ltr'>misle</span> <span class='ocrx_word' id='word_1_167' title='bbox 666 2947 802 3020; x_wconf 91' lang='lat' dir='ltr'>tamin</span> <span class='ocrx_word' id='word_1_168' title='bbox 826 2948 1070 3040; x_wconf 80' lang='lat' dir='ltr'>spiritualibus</span> <span class='ocrx_word' id='word_1_169' title='bbox 1094 2969 1206 3048; x_wconf 90' lang='lat' dir='ltr'>quarn</span> <span class='ocrx_word' id='word_1_170' title='bbox 1230 2953 1269 3026; x_wconf 90' lang='lat' dir='ltr'>in</span> <span class='ocrx_word' id='word_1_171' title='bbox 1287 2947 1502 3042; x_wconf 84' lang='lat' dir='ltr'>temporali·</span> 
     </span>
     <span class='ocr_line' id='line_1_25' title="bbox 192 2970 1504 3140; baseline -0.002 -23"><span class='ocrx_word' id='word_1_172' title='bbox 192 3041 263 3117; x_wconf 79' lang='lat' dir='ltr'>bur</span> <span class='ocrx_word' id='word_1_173' title='bbox 287 3043 354 3140; x_wconf 88' lang='lat' dir='ltr'>ipli</span> <span class='ocrx_word' id='word_1_174' title='bbox 381 2970 633 3115; x_wconf 58' lang='lat' dir='ltr'>uffnoutco</span> <span class='ocrx_word' id='word_1_175' title='bbox 657 3039 902 3114; x_wconf 82' lang='lat' dir='ltr'>LEOPOLDI</span> <span class='ocrx_word' id='word_1_176' title='bbox 929 3040 1034 3116; x_wconf 79' lang='lat' dir='ltr'>huius</span> <span class='ocrx_word' id='word_1_177' title='bbox 1060 3047 1163 3118; x_wconf 90' lang='lat' dir='ltr'>modi</span> <span class='ocrx_word' id='word_1_178' title='bbox 1191 3043 1325 3118; x_wconf 81' lang='lat' dir='ltr'>millam</span> <span class='ocrx_word' id='word_1_179' title='bbox 1353 3060 1392 3114; x_wconf 84' lang='lat' dir='ltr'>ut</span> <span class='ocrx_word' id='word_1_180' title='bbox 1417 3061 1504 3136; x_wconf 91' lang='lat' dir='ltr'>pre·</span> 
     </span>
     <span class='ocr_line' id='line_1_26' title="bbox 191 3132 1503 3233; baseline -0.003 -19"><span class='ocrx_word' id='word_1_181' title='bbox 191 3138 349 3214; x_wconf 87' lang='lat' dir='ltr'>mittitur</span> <span class='ocrx_word' id='word_1_182' title='bbox 373 3137 572 3209; x_wconf 88' lang='lat' dir='ltr'>inllitutam</span> <span class='ocrx_word' id='word_1_183' title='bbox 598 3133 636 3209; x_wconf 92' lang='lat' dir='ltr'>in</span> <span class='ocrx_word' id='word_1_184' title='bbox 663 3132 854 3230; x_wconf 85' lang='lat' dir='ltr'>personam</span> <span class='ocrx_word' id='word_1_185' title='bbox 885 3133 1108 3209; x_wconf 82' lang='lat' dir='ltr'>honorabilis</span> <span class='ocrx_word' id='word_1_186' title='bbox 1137 3137 1243 3208; x_wconf 88' lang='lat' dir='ltr'>nobis</span> <span class='ocrx_word' id='word_1_187' title='bbox 1268 3136 1394 3210; x_wconf 80' lang='lat' dir='ltr'>dilecti</span> <span class='ocrx_word' id='word_1_188' title='bbox 1419 3136 1503 3233; x_wconf 74' lang='lat' dir='ltr'>‚Jo-</span> 
     </span>
     <span class='ocr_line' id='line_1_27' title="bbox 199 3227 1503 3323; baseline -0.004 -17"><span class='ocrx_word' id='word_1_189' title='bbox 199 3228 384 3307; x_wconf 85' lang='lat' dir='ltr'>HANNlS</span> <span class='ocrx_word' id='word_1_190' title='bbox 403 3227 712 3304; x_wconf 75' lang='lat' dir='ltr'>vlaclllnualll</span> <span class='ocrx_word' id='word_1_191' title='bbox 731 3229 877 3323; x_wconf 82' lang='lat' dir='ltr'>plebani</span> <span class='ocrx_word' id='word_1_192' title='bbox 896 3230 932 3299; x_wconf 91' lang='lat' dir='ltr'>in</span> <span class='ocrx_word' id='word_1_193' title='bbox 949 3227 1199 3301; x_wconf 75' lang='lat' dir='ltr'>SULCZMOS</span> <span class='ocrx_word' id='word_1_194' title='bbox 1216 3230 1335 3304; x_wconf 85' lang='lat' dir='ltr'>nostre</span> <span class='ocrx_word' id='word_1_195' title='bbox 1350 3229 1503 3302; x_wconf 77' lang='lat' dir='ltr'>diocesia</span> 
     </span>
     <span class='ocr_line' id='line_1_28' title="bbox 193 3321 1502 3420; baseline -0.002 -22"><span class='ocrx_word' id='word_1_196' title='bbox 193 3322 440 3420; x_wconf 84' lang='lat' dir='ltr'>procuratoris</span> <span class='ocrx_word' id='word_1_197' title='bbox 464 3324 516 3397; x_wconf 91' lang='lat' dir='ltr'>soi</span> <span class='ocrx_word' id='word_1_198' title='bbox 541 3324 593 3397; x_wconf 80' lang='lat' dir='ltr'>ati¹</span> <span class='ocrx_word' id='word_1_199' title='bbox 614 3323 685 3395; x_wconf 88' lang='lat' dir='ltr'>hoc</span> <span class='ocrx_word' id='word_1_200' title='bbox 709 3321 874 3419; x_wconf 71' lang='lat' dir='ltr'>legitime</span> <span class='ocrx_word' id='word_1_201' title='bbox 898 3321 1065 3414; x_wconf 86' lang='lat' dir='ltr'>deputati</span> <span class='ocrx_word' id='word_1_202' title='bbox 1091 3325 1137 3395; x_wconf 83' lang='lat' dir='ltr'>(le</span> <span class='ocrx_word' id='word_1_203' title='bbox 1153 3325 1255 3398; x_wconf 84' lang='lat' dir='ltr'>cuius</span> <span class='ocrx_word' id='word_1_204' title='bbox 1272 3323 1502 3418; x_wconf 85' lang='lat' dir='ltr'>procuratio·</span> 
     </span>
     <span class='ocr_line' id='line_1_29' title="bbox 193 3413 1502 3512; baseline -0.001 -21"><span class='ocrx_word' id='word_1_205' title='bbox 193 3419 250 3492; x_wconf 82' lang='lat' dir='ltr'>nia</span> <span class='ocrx_word' id='word_1_206' title='bbox 276 3421 449 3492; x_wconf 86' lang='lat' dir='ltr'>mandato</span> <span class='ocrx_word' id='word_1_207' title='bbox 473 3421 580 3490; x_wconf 81' lang='lat' dir='ltr'>nobis</span> <span class='ocrx_word' id='word_1_208' title='bbox 603 3416 715 3512; x_wconf 85' lang='lat' dir='ltr'>plena</span> <span class='ocrx_word' id='word_1_209' title='bbox 740 3415 864 3491; x_wconf 90' lang='lat' dir='ltr'>extitit</span> <span class='ocrx_word' id='word_1_210' title='bbox 890 3416 979 3489; x_wconf 83' lang='lat' dir='ltr'>fides</span> <span class='ocrx_word' id='word_1_211' title='bbox 1014 3413 1110 3488; x_wconf 89' lang='lat' dir='ltr'>sacta</span> <span class='ocrx_word' id='word_1_212' title='bbox 1136 3419 1358 3492; x_wconf 88' lang='lat' dir='ltr'>auctoritate</span> <span class='ocrx_word' id='word_1_213' title='bbox 1382 3415 1502 3490; x_wconf 87' lang='lat' dir='ltr'>nollra</span> 
     </span>
     <span class='ocr_line' id='line_1_30' title="bbox 192 3505 1502 3602; baseline -0.001 -16"><span class='ocrx_word' id='word_1_214' title='bbox 192 3511 363 3587; x_wconf 79' lang='lat' dir='ltr'>duximus</span> <span class='ocrx_word' id='word_1_215' title='bbox 387 3507 647 3588; x_wconf 81' lang='lat' dir='ltr'>conserendam</span> <span class='ocrx_word' id='word_1_216' title='bbox 672 3513 890 3585; x_wconf 82' lang='lat' dir='ltr'>contulimus</span> <span class='ocrx_word' id='word_1_217' title='bbox 912 3527 950 3580; x_wconf 88' lang='lat' dir='ltr'>et</span> <span class='ocrx_word' id='word_1_218' title='bbox 974 3505 1197 3602; x_wconf 89' lang='lat' dir='ltr'>presentium</span> <span class='ocrx_word' id='word_1_219' title='bbox 1221 3527 1351 3586; x_wconf 85' lang='lat' dir='ltr'>tenore</span> <span class='ocrx_word' id='word_1_220' title='bbox 1375 3507 1502 3585; x_wconf 78' lang='lat' dir='ltr'>coufe-</span> 
     </span>
     <span class='ocr_line' id='line_1_31' title="bbox 193 3601 1501 3698; baseline -0.003 -16"><span class='ocrx_word' id='word_1_221' title='bbox 193 3607 305 3682; x_wconf 81' lang='lat' dir='ltr'>timua</span> <span class='ocrx_word' id='word_1_222' title='bbox 329 3609 444 3680; x_wconf 86' lang='lat' dir='ltr'>aede</span> <span class='ocrx_word' id='word_1_223' title='bbox 468 3607 598 3680; x_wconf 79' lang='lat' dir='ltr'>eadem</span> <span class='ocrx_word' id='word_1_224' title='bbox 625 3606 864 3698; x_wconf 86' lang='lat' dir='ltr'>prouidemus</span> <span class='ocrx_word' id='word_1_225' title='bbox 893 3603 968 3676; x_wconf 93' lang='lat' dir='ltr'>line</span> <span class='ocrx_word' id='word_1_226' title='bbox 999 3621 1125 3676; x_wconf 86' lang='lat' dir='ltr'>tamen</span> <span class='ocrx_word' id='word_1_227' title='bbox 1147 3601 1252 3698; x_wconf 77' lang='lat' dir='ltr'>‚June</span> <span class='ocrx_word' id='word_1_228' title='bbox 1284 3620 1501 3698; x_wconf 72' lang='lat' dir='ltr'>patronatus</span> 
     </span>
     <span class='ocr_line' id='line_1_32' title="bbox 193 3695 1503 3793; baseline -0.002 -20"><span class='ocrx_word' id='word_1_229' title='bbox 193 3698 364 3776; x_wconf 87' lang='lat' dir='ltr'>reservati</span> <span class='ocrx_word' id='word_1_230' title='bbox 387 3699 425 3773; x_wconf 92' lang='lat' dir='ltr'>in</span> <span class='ocrx_word' id='word_1_231' title='bbox 450 3700 581 3772; x_wconf 83' lang='lat' dir='ltr'>Literis</span> <span class='ocrx_word' id='word_1_232' title='bbox 606 3698 839 3773; x_wconf 83' lang='lat' dir='ltr'>institutionis</span> <span class='ocrx_word' id='word_1_233' title='bbox 865 3697 901 3770; x_wconf 91' lang='lat' dir='ltr'>in</span> <span class='ocrx_word' id='word_1_234' title='bbox 926 3695 1160 3793; x_wconf 88' lang='lat' dir='ltr'>proximum,</span> <span class='ocrx_word' id='word_1_235' title='bbox 1185 3719 1252 3793; x_wconf 85' lang='lat' dir='ltr'>per</span> <span class='ocrx_word' id='word_1_236' title='bbox 1275 3715 1434 3772; x_wconf 87' lang='lat' dir='ltr'>mortem</span> <span class='ocrx_word' id='word_1_237' title='bbox 1461 3701 1503 3771; x_wconf 89' lang='lat' dir='ltr'>li·</span> 
     </span>
     <span class='ocr_line' id='line_1_33' title="bbox 192 3787 1503 3886; baseline -0.002 -18"><span class='ocrx_word' id='word_1_238' title='bbox 192 3795 318 3868; x_wconf 83' lang='lat' dir='ltr'>beram</span> <span class='ocrx_word' id='word_1_239' title='bbox 342 3792 622 3886; x_wconf 78' lang='lat' dir='ltr'>reignationem</span> <span class='ocrx_word' id='word_1_240' title='bbox 648 3793 958 3886; x_wconf 88' lang='lat' dir='ltr'>permutationem</span> <span class='ocrx_word' id='word_1_241' title='bbox 984 3787 1043 3861; x_wconf 91' lang='lat' dir='ltr'>seu</span> <span class='ocrx_word' id='word_1_242' title='bbox 1068 3790 1141 3864; x_wconf 93' lang='lat' dir='ltr'>alio</span> <span class='ocrx_word' id='word_1_243' title='bbox 1156 3790 1285 3884; x_wconf 84' lang='lat' dir='ltr'>quouis</span> <span class='ocrx_word' id='word_1_244' title='bbox 1307 3791 1419 3864; x_wconf 92' lang='lat' dir='ltr'>modo</span> <span class='ocrx_word' id='word_1_245' title='bbox 1438 3810 1503 3866; x_wconf 80' lang='lat' dir='ltr'>ra·</span> 
     </span>
     <span class='ocr_line' id='line_1_34' title="bbox 193 3885 1501 3984; baseline -0.005 -20"><span class='ocrx_word' id='word_1_246' title='bbox 193 3889 340 3964; x_wconf 85' lang='lat' dir='ltr'>catione</span> <span class='ocrx_word' id='word_1_247' title='bbox 363 3888 602 3984; x_wconf 86' lang='lat' dir='ltr'>contingente</span> <span class='ocrx_word' id='word_1_248' title='bbox 633 3885 835 3981; x_wconf 85' lang='lat' dir='ltr'>preludicio</span> <span class='ocrx_word' id='word_1_249' title='bbox 866 3905 986 3959; x_wconf 89' lang='lat' dir='ltr'>curam</span> <span class='ocrx_word' id='word_1_250' title='bbox 1012 3886 1178 3981; x_wconf 85' lang='lat' dir='ltr'>regimen</span> <span class='ocrx_word' id='word_1_251' title='bbox 1209 3903 1254 3957; x_wconf 87' lang='lat' dir='ltr'>ao</span> <span class='ocrx_word' id='word_1_252' title='bbox 1277 3885 1501 3959; x_wconf 84' lang='lat' dir='ltr'>administra·</span> 
     </span>
     <span class='ocr_line' id='line_1_35' title="bbox 195 3975 1500 4076; baseline -0.003 -20"><span class='ocrx_word' id='word_1_253' title='bbox 195 3984 335 4057; x_wconf 88' lang='lat' dir='ltr'>tionem</span> <span class='ocrx_word' id='word_1_254' title='bbox 361 3980 598 4075; x_wconf 83' lang='lat' dir='ltr'>spiritualium</span> <span class='ocrx_word' id='word_1_255' title='bbox 626 3999 665 4053; x_wconf 90' lang='lat' dir='ltr'>et</span> <span class='ocrx_word' id='word_1_256' title='bbox 685 3982 945 4076; x_wconf 85' lang='lat' dir='ltr'>temporalium</span> <span class='ocrx_word' id='word_1_257' title='bbox 972 3978 1135 4054; x_wconf 78' lang='lat' dir='ltr'>eiusdem</span> <span class='ocrx_word' id='word_1_258' title='bbox 1161 3975 1261 4054; x_wconf 88' lang='lat' dir='ltr'>mili&#39;e</span> <span class='ocrx_word' id='word_1_259' title='bbox 1284 3979 1322 4050; x_wconf 89' lang='lat' dir='ltr'>in</span> <span class='ocrx_word' id='word_1_260' title='bbox 1339 3979 1500 4052; x_wconf 83' lang='lat' dir='ltr'>animant</span> 
     </span>
     <span class='ocr_line' id='line_1_36' title="bbox 195 4071 1502 4178; baseline -0.002 -26"><span class='ocrx_word' id='word_1_261' title='bbox 195 4077 295 4153; x_wconf 91' lang='lat' dir='ltr'>suam</span> <span class='ocrx_word' id='word_1_262' title='bbox 319 4075 477 4154; x_wconf 86' lang='lat' dir='ltr'>fideliter</span> <span class='ocrx_word' id='word_1_263' title='bbox 498 4075 698 4178; x_wconf 79' lang='lat' dir='ltr'>regendam</span> <span class='ocrx_word' id='word_1_264' title='bbox 721 4075 959 4153; x_wconf 84' lang='lat' dir='ltr'>comittcntea</span> <span class='ocrx_word' id='word_1_265' title='bbox 985 4093 1059 4172; x_wconf 88' lang='lat' dir='ltr'>quo</span> <span class='ocrx_word' id='word_1_266' title='bbox 1084 4071 1182 4152; x_wconf 86' lang='lat' dir='ltr'>circa</span> <span class='ocrx_word' id='word_1_267' title='bbox 1206 4071 1312 4150; x_wconf 79' lang='lat' dir='ltr'>robis</span> <span class='ocrx_word' id='word_1_268' title='bbox 1328 4074 1502 4150; x_wconf 75' lang='lat' dir='ltr'>omnious</span> 
     </span>
     <span class='ocr_line' id='line_1_37' title="bbox 1414 4181 1454 4242; baseline -0.05 0"><span class='ocrx_word' id='word_1_269' title='bbox 1414 4181 1454 4242; x_wconf 79' lang='lat' dir='ltr'>ct</span> 
     </span>
    </p>
   </div>
   <div class='ocr_carea' id='block_1_9' title="bbox 0 0 1668 4738">
    <p class='ocr_par' dir='ltr' id='par_1_9' title="bbox 0 0 1668 4738">
     <span class='ocr_line' id='line_1_38' title="bbox 0 0 1668 4738; baseline 0 0"><span class='ocrx_word' id='word_1_270' title='bbox 0 0 1668 4738; x_wconf 95' lang='lat' dir='ltr'> </span> 
     </span>
    </p>
   </div>
  </div>
 </body>
</html>
