3200 4908
197 439 280 526 710
394 457 396 464 ·
529 403 787 494 continuatio
816 399 1177 492 Monumentomm

198 647 241 710 et
261 631 470 706 Decanatus
493 629 650 704 extintio
674 625 874 702 huiusmodi
908 623 1007 699 suum
1041 623 1165 700 sortita
1195 623 1304 702 suerit
1327 623 1513 704 effectum

197 728 246 805 ad
269 724 385 822 ipsam
408 738 566 798 erectam
591 723 775 797 ecclesiam
800 717 978 795 transferri
1001 739 1044 794 ac
1067 720 1190 795 omnia
1214 738 1253 796 et
1276 719 1513 819 singulaque

194 823 236 899 in
260 817 431 916 predictis
456 817 603 892 Litteris
627 819 673 891 de
698 815 844 890 ecclesia
869 813 978 888 sancti
997 813 1154 888 Udalrici
1179 813 1342 910 illiusque
1364 816 1513 912 Prepo·

196 915 303 991 srtura
328 913 516 986 Decanatu
542 911 819 984 canonicatibus
848 923 886 981 et
910 907 1105 1003 prebendis
1129 905 1291 1005 expressa
1316 906 1423 996 sunt,
1460 909 1512 984 ad

198 1007 384 1084 ecclesiam
408 1005 520 1081 sancti
544 1003 636 1077 sixti
659 1004 828 1098 illiusque
841 1003 1102 1096 Prepostturam
1121 1003 1350 1078 Decanutum
1374 1022 1421 1077 ac
1438 1003 1513 1079 Ca·

197 1102 392 1180 notricatus
416 1117 454 1174 et
478 1099 683 1195 prebendas
704 1097 830 1172 reserri
854 1095 962 1169 etde
986 1096 1057 1169 illis
1078 1097 1235 1189 intelligi
1259 1097 1398 1171 debere
1421 1117 1515 1192 pre-

200 1198 311 1291 cipue
334 1215 383 1269 ne
396 1215 443 1266 ex
458 1193 529 1267 hoc
543 1192 605 1266 siat
629 1189 868 1286 preindicium
883 1189 1094 1265 Venerabili
1112 1188 1209 1276 sratri
1224 1190 1343 1263 nostro
1356 1191 1513 1284 Episco-

197 1311 252 1387 po
266 1287 481 1385 Augustenfi
503 1288 541 1362 in
576 1287 677 1360 cuius
702 1287 836 1360 dioccsr
861 1285 913 1359 est
935 1285 1011 1379 ipsa
1034 1285 1183 1358 ecclesia
1208 1282 1318 1360 sancti
1342 1282 1513 1358 Udalrici

199 1401 240 1456 et
264 1378 428 1490 Opidum
454 1381 659 1477 predictum
684 1380 734 1452 est
758 1379 795 1454 in
821 1379 952 1452 diocesi
975 1378 1169 1474 frisingensi
1191 1396 1234 1452 ac
1257 1378 1403 1475 singulis
1420 1397 1504 1470 pre

198 1476 329 1552 bendrs
340 1476 439 1549 dicte
457 1475 603 1550 ecclesie
618 1472 728 1546 sancti
742 1473 898 1547 Udalrici
914 1473 980 1546 sint
993 1493 1136 1546 annexe
1150 1472 1285 1566 singule
1296 1471 1512 1568 parrochia·

198 1573 254 1646 les
265 1568 413 1642 ecclesie
436 1568 567 1664 quibus
590 1588 665 1640 non
689 1566 741 1640 ita
755 1567 949 1664 diligenter
973 1564 1228 1656 deseruiretur‚
1252 1581 1510 1734 etpropterea

199 1683 250 1740 ex
273 1660 343 1736 hoc
367 1660 531 1738 seandala
564 1678 603 1736 et
630 1661 833 1735 animarum
857 1660 1017 1756 pericula
1050 1659 1212 1754 subsequi
1242 1665 1306 1754 pol
1321 1674 1398 1732 ent.
1459 1660 1510 1733 Et

198 1758 288 1832 licut
312 1754 442 1832 eadem
467 1754 600 1852 petitio
623 1755 861 1851 subiungebat
887 1755 911 1828 li
935 1755 1021 1828 Tria
1046 1753 1221 1849 simplicia
1245 1753 1510 1850 perpetuabe·

198 1849 328 1925 nescia
352 1850 583 1925 ecclesiastica
618 1847 778 1922 indicta
807 1863 929 1920 erecta
959 1847 1104 1921 ecclesia
1135 1846 1324 1923 existentia
1359 1867 1433 1942 qne
1457 1843 1508 1921 dc

198 1946 279 2019 iure
308 1959 522 2039 patronatus
557 1942 643 2018 dicti
677 1942 788 2016 Ducis
824 1941 980 2014 exiliunt
1013 1941 1135 2016 Mense
1167 1942 1360 2036 capitulari
1390 1940 1507 2036 ipsius

197 2054 322 2113 erecte
334 2039 480 2111 ecclesie
499 2058 566 2133 pro
588 2057 788 2132 augmento
802 2034 1095 2130 quotidianarum
1109 2035 1401 2110 distributionum
1418 2056 1507 2129 per-

229 2149 317 2205 etno
340 2131 527 2204 unirentur
549 2147 831 2204 annecterentur
853 2145 891 2202 et
915 2129 1234 2224 incorporarentur
1255 2152 1303 2204 ex
1322 2131 1394 2203 hoc
1418 2149 1507 2222 pro-

196 2151 296 2302 iecto
323 2224 524 2319 Prepofitus
549 2223 719 2298 Decanus
742 2239 785 2310 et¹
805 2222 978 2297 canonici
1002 2222 1040 2298 in
1067 2221 1134 2296 suis
1158 2221 1426 2298 necessitatibus
1440 2221 1506 2296 ali·

199 2317 299 2415 quod
313 2317 396 2392 susci
425 2335 530 2393 erent
540 2318 762 2398 releuamen.
808 2317 875 2390 Pro
901 2333 1007 2413 parte
1030 2315 1161 2412 prefati
1176 2317 1286 2391 Ducis
1311 2315 1507 2392 nobissuit

154 2501 157 2510 Ι
197 2339 632 2508 humiliteriirpplicatum
658 2428 698 2486 ut
723 2411 821 2486 dicta
841 2411 928 2485 Tria
945 2409 1122 2483 beneficia
1146 2412 1267 2516 eidem
1282 2410 1407 2486 Mense
1419 2431 1507 2506 per-

198 2523 316 2602 petuo
327 2506 431 2579 unire
454 2523 649 2579 annectere
674 2522 713 2578 et
731 2505 966 2599 incorporare
980 2504 1138 2600 aliasque
1154 2525 1191 2577 rn
1204 2502 1380 2600 premissis
1391 2523 1505 2598 opor·

197 2617 288 2676 tune
312 2599 510 2698 prouidere
534 2599 581 2673 de
606 2597 833 2708 benignitate
856 2598 1054 2694 aposlolica
1077 2601 1309 2691 dignaremur
1332 2597 1410 2671 Nos
1434 2597 1505 2696 igi·

198 2709 258 2767 tur
282 2695 344 2788 qui
369 2693 505 2767 dudum
531 2693 628 2766 inter
651 2695 721 2767 aba
746 2691 928 2766 noluimus
944 2693 1044 2800 quod
1060 2708 1230 2786 petentes
1243 2689 1421 2767 beneficia
1445 2713 1505 2766 ec·

198 2786 387 2862 clesrallica
410 2786 488 2877 alijs
514 2785 606 2859 uniri
631 2803 843 2859 tenerentur
866 2805 1074 2880 exprimere
1105 2806 1230 2860 uerum
1253 2805 1415 2861 annuum
1442 2803 1507 2860 ua·

177 2883 313 2956 ‘lorem
326 2878 516 2954 secundum
530 2899 762 2952 communem
776 2879 1056 2953 extimationem
1082 2896 1156 2955 tarn
1182 2876 1349 2969 beneficij
1373 2879 1504 2955 unien-

198 2973 240 3048 di
262 2993 372 3070 quam
395 2973 492 3047 illius
515 2973 572 3046 cui
598 2971 696 3046 aliud
721 2973 1023 3069 uniripeteretur
1048 2973 1209 3080 alioquin
1232 2973 1322 3048 unio
1346 2995 1421 3047 non
1441 2994 1504 3050 ua·

196 3069 311 3154 leret,
337 3087 376 3141 et
400 3068 542 3161 semper
565 3067 602 3138 in
628 3067 822 3139 unionibus
847 3069 949 3140 lieret
973 3065 1170 3139 commiiilo
1194 3070 1375 3162 adportes
1393 3088 1506 3142 uoca-

196 3162 245 3236 tis
268 3181 422 3257 quorum
447 3154 629 3233 interesset
653 3157 836 3251 prelatum
863 3159 1125 3234 assultuum
1148 3161 1288 3235 Ducem
1312 3181 1332 3259 a
1357 3160 1504 3254 quibus·

197 3275 342 3350 cunque
367 3252 717 3328 excomunicatiorris
743 3251 974 3348 suspensionis
998 3271 1036 3327 et
1063 3254 1245 3328 interdicti
1268 3252 1420 3346 aliquue
1444 3277 1502 3330 ec·

198 3348 399 3424 clesiallicis
425 3346 612 3436 sententiis
637 3345 791 3419 censuris
822 3365 860 3421 et
893 3346 999 3441 penis
1031 3347 1153 3420 niure
1184 3349 1241 3423 uel
1274 3346 1321 3421 ab
1349 3349 1504 3424 bomine

226 3442 327 3516 nauis
352 3443 538 3534 occasune
563 3441 619 3512 uel
645 3439 747 3512 causa
783 3441 866 3513 latis
891 3439 1046 3534 liquibus
1071 3443 1259 3537 quomodo
1283 3439 1374 3516 libet
1396 3443 1503 3517 inno-

197 3463 307 3609 iiatus
330 3534 451 3609 exussit
481 3537 529 3609 ad
559 3529 728 3608 eflectum
760 3533 982 3630 presentium
1017 3535 1195 3609 durnaxat
1230 3533 1503 3631 conseqendum

197 3627 328 3702 harum
352 3628 442 3702 serie
468 3627 696 3700 absoluentea
729 3645 769 3699 et
789 3627 1000 3702 absolutum
1035 3625 1112 3702 sore
1145 3628 1331 3704 censentes
1355 3650 1398 3702 ac
1424 3646 1501 3707 tam

200 3722 329 3799 Mense
342 3722 564 3817 Capitularis
587 3740 696 3816 quam
722 3721 852 3795 Trium
867 3721 1125 3796 beneficiorum
1141 3723 1387 3813 predictorum
1408 3722 1500 3800 sruc-

200 3832 305 3890 tunm
328 3816 537 3890 reddituum
564 3833 601 3885 et
625 3833 870 3908 prouentuum
896 3836 1003 3888 ueros
1025 3835 1166 3890 annuos
1189 3820 1331 3892 naiores
1356 3819 1500 3914 presen-

198 3910 296 3984 tibus
320 3928 389 4004 pro
412 3903 583 4004 expressis
608 3908 784 3982 habentes
808 3907 1011 3982 huiusmodi
1042 3909 1362 4007 supplicationibus
1396 3911 1500 3986 incli-

199 4001 713 4096 natiuolumusetaposlolica
738 4002 957 4076 auctoritate
971 4006 1134 4097 predicta
1158 4006 1500 4101 decemimusqnod

198 4098 320 4176 littere
343 4097 510 4196 predicte
533 4109 617 4175 cunr
641 4095 810 4177 omnibus
834 4116 871 4173 et
894 4097 1038 4198 srngulis
1061 4098 1099 4176 in
1123 4097 1176 4174 eir
1199 4099 1498 4272 consentimu-
