3304 4734
202 480 280 563 ,1³3ss
523 453 779 544 continuatio
807 449 1167 540 Monumentorum

198 679 356 759 fatorum
381 679 537 754 ULfllCl
563 693 600 752 ct
623 675 861 751 LODOVfo
895 673 1020 750 heredi
1052 671 1220 772 legitimo
1247 674 1409 750 masculo
1433 674 1489 750 sbi·

196 803 299 898 pitis,
323 818 345 872 a
369 819 444 893 quo
468 797 564 872 bona
587 796 791 886 hujusmodi
816 796 946 892 quibus
971 788 1070 867 missa
1102 796 1246 890 prelata
1276 791 1425 869 fundato
1450 809 1491 868 et

198 922 326 1020 dotata
351 915 470 989 existit
503 911 770 1011 processerunt,
804 928 842 988 et
864 913 933 987 biis
955 912 1205 988 deficientibus
1229 912 1492 1008 spectabilibus

88 1034 92 1050 '
196 1039 286 1114 viris
311 1033 507 1111 consulatui
532 1032 695 1106 interiori
720 1032 822 1126 opidi
847 1033 1071 1107 monacensis
1094 1032 1260 1128 predicti,
1286 1032 1353 1106 hac
1375 1033 1495 1128 prima

197 1157 282 1232 vice
306 1171 344 1228 et
368 1150 500 1228 deiude
524 1153 693 1248 quotiens
718 1154 873 1226 eandem
904 1168 1035 1225 vacare
1058 1149 1253 1248 contigerit
1275 1149 1326 1224 ex
1348 1147 1497 1246 speciali
1644 1199 1645 1242 ,

199 1274 319 1373 gratia
343 1289 381 1345 et
403 1268 530 1345 favore
554 1269 735 1344 reservare
758 1269 999 1364 dignaremur.
1047 1268 1123 1344 Nos
1140 1267 1251 1368 igitur
1273 1268 1335 1364 qui
1360 1267 1497 1342 cultum
1643 1249 1645 1344 f

202 1394 372 1470 divinum
398 1389 524 1462 nolitis
549 1387 774 1482 temporibus
798 1389 981 1485 adaugere
1005 1402 1044 1460 et
1066 1385 1243 1482 ampliare
1263 1383 1410 1462 intentis
1434 1386 1497 1462 de-
1644 1379 1645 1452 ξ

200 1511 339 1588 sideriis
363 1504 574 1584 affectamus
608 1506 777 1599 uioteqoe
809 1507 945 1582 ANNE
979 1503 1212 1580 WOLfblN
1242 1504 1423 1580 laudabile
1455 1505 1497 1581 in

200 1629 366 1726 Domino
390 1626 615 1718 propolitum
638 1620 886 1696 favorabiliter
908 1641 1130 1718 promovere
1144 1617 1310 1694 volentes
1334 1623 1500 1718 predicte

199 1742 302 1825 miffe
336 1742 595 1818 institutionem
625 1739 877 1816 fundationem
910 1739 1138 1815 dotationem
1177 1737 1359 1835 ipsiusque
1392 1743 1498 1818 iuxta
1645 1791 1646 1818 t

201 1862 428 1941 fundationis
453 1859 687 1936 iustitutionis
710 1879 749 1935 et
772 1858 972 1934 dotationis
995 1855 1135 1933 Lireras
1158 1857 1205 1931 de
1222 1853 1400 1952 expresso,
1416 1879 1499 1954 pre·
1645 1855 1646 1904 ἶ

203 1979 273 2060 fati
299 1978 364 2051 [bii
389 1977 634 2077 ιΙΟΗΑΝΝΙε
658 1977 867 2052 TllLlllicK
902 1977 1049 2071 plebani
1073 1976 1252 2054 consensu
1274 1985 1313 2051 ln
1331 1977 1499 2053 omnibus
1646 1980 1647 1996 ¹

202 2101 276 2178 fuis
301 2099 468 2174 clausulis
494 2093 670 2191 Capitulis
693 2110 732 2166 et
754 2093 899 2189 punctis
923 2093 1142 2168 authoritate
1166 2093 1349 2169 ordinaria
1372 2095 1501 2171 confir·

203 2220 378 2295 mnndum
402 2216 586 2302 duximus,
619 2231 658 2288 et
680 2209 904 2310 presentibus
927 2210 966 2285 in
990 2211 1049 2287 dei
1073 2212 1222 2289 nomine
1245 2213 1501 2289 confirmamus

204 2335 357 2438 Juribus
380 2348 504 2407 tanton
527 2348 567 2406 et
590 2330 902 2405 consuctudinibus
938 2329 1086 2404 ecclebe
1119 2333 1227 2406 beate
1251 2329 1366 2405 Marie
1390 2328 1500 2426 virgi·

205 2456 263 2532 nis
287 2427 451 2549 predicte
474 2468 513 2526 et
538 2449 683 2543 plebani
707 2447 872 2540 ejusdem
909 2446 1062 2522 Necnon
1093 2448 1233 2524 domiui
1263 2450 1369 2525 nofld
1401 2445 1501 2544 Epis·

206 2570 295 2662 copi
319 2589 358 2643 et
381 2565 626 2656 successorum,
649 2587 693 2643 ac
712 2565 956 2664 cojuscunque
979 2568 1125 2642 alterius
1148 2568 1290 2666 semper
1312 2567 1415 2644 salvis
1428 2565 1502 2663 Jus

205 2705 422 2790 patronatus
445 2702 485 2760 et
507 2685 737 2783 presentandi
764 2690 811 2763 ad
835 2682 973 2762 missurn
1004 2688 1160 2762 eandem
1191 2687 1382 2780 personam
1411 2686 1502 2778 ydo-

205 2829 317 2889 neam
339 2803 433 2882 infra
469 2823 615 2902 tempus
646 2801 784 2900 aJure
814 2806 984 2878 statutum
1015 2824 1083 2898 per
1114 2804 1260 2880 ecclesie
1284 2800 1502 2900 friuogemis

206 2928 428 3024 Episcopum
451 2939 515 3000 aut
539 2922 616 3014 ejus
641 2923 680 2996 in
704 2921 956 3016 spiritualibus
983 2921 1155 2997 vicarium
1179 2933 1214 2995 in
1238 2922 1300 2994 illa
1316 2921 1502 2998 institues·

209 3049 308 3133 dam,
331 3043 452 3118 eidem
477 3041 612 3118 ANNE
637 3061 705 3136 pro
730 3056 898 3136 tempore
922 3038 998 3114 vite
1022 3037 1096 3125 sue,
1119 3056 1158 3114 et
1182 3041 1314 3118 deinde
1337 3059 1423 3140 post
1442 3043 1503 3137 ip·

209 3165 278 3240 lius
313 3156 490 3236 decessum
527 3161 739 3254 proximiori
772 3177 811 3233 et
841 3157 979 3231 seniori
1012 3155 1236 3254 prefatorum
1275 3161 1430 3236 ULRlCl
1462 3176 1502 3234 et

209 3279 450 3359 LODOVfo
474 3277 598 3352 heredi
622 3277 790 3373 legitimo
814 3274 972 3349 masculo
994 3275 1123 3370 stipitis
1154 3297 1176 3352 a
1206 3299 1280 3374 quo
1311 3279 1406 3352 bona
1438 3277 1503 3351 bu·

210 3397 382 3494 iusmodi,
406 3397 534 3491 quibus
558 3394 635 3490 ipsa.
657 3392 755 3470 milfa
780 3395 930 3468 fundata
954 3409 993 3466 et
1016 3397 1142 3469 dotata
1165 3396 1305 3484 exiliit,
1329 3391 1505 3492 procelle·

211 3533 296 3594 runt
320 3529 512 3608 ortumque
534 3515 682 3601 habent,
705 3533 744 3587 et
766 3511 831 3608 hys
851 3511 1103 3588 deficientibus
1117 3516 1319 3590 consulatui
1339 3513 1505 3608 predicto

213 3653 262 3718 nt¹
278 3629 470 3731 prefertur,
497 3635 683 3727 perpetuis
707 3633 836 3708 futuris
860 3633 1087 3725 temporibus
1112 3631 1356 3720 reservantes,
1381 3635 1506 3709 voleu-

214 3769 271 3830 tes
297 3769 334 3825 et
358 3751 595 3826 decernentes
621 3768 659 3825 ut
683 3751 807 3825 omnia
830 3763 869 3823 et
891 3749 1027 3846 lingula
1051 3750 1285 3849 suprascripta
1314 3755 1421 3828 robur
1444 3753 1506 3826 ha·

215 3873 330 3947 beant
352 3888 530 3965 perpetue
554 3853 732 3942 firmitatis
766 3869 805 3942 fn
830 3887 984 3962 quorum
1017 3868 1181 3943 omniunt
1214 3891 1252 3945 et
1274 3871 1507 3968 singulorum

76 4041 79 4049 .
217 3992 328 4067 salem
353 4008 391 4062 et
414 3987 660 4062 testimonium
688 3983 947 4080 premissorum,
973 3984 1156 4079 presentes
1178 3989 1294 4064 nostre
1311 3988 1507 4066 confirma·

217 4111 327 4190 tiotds
352 4110 491 4186 biteras
515 4108 628 4204 sigilli
650 4107 841 4186 vicariatus
864 4099 1076 4207 fridugenlis
1108 4127 1181 4206 quo
1212 4108 1248 4186 in
1286 4103 1406 4184 officio
1440 4107 1509 4183 uti·

1368 4247 1461 4316 mur,
