3200 4908
185 413 269 496 730
491 378 748 466 continuatio
775 377 1135 470 Monutneutorutu

190 601 360 683 nautia
388 598 642 676 stastatuta
666 601 885 682 eaneeilario
909 603 1069 680 eiusdem
1098 605 1239 680 domini
1260 602 1363 681 ducis
1388 611 1490 685 testi-

186 699 253 774 bus
277 699 324 772 ad
349 691 516 793 premiis-a
539 695 679 769 voeatis
703 697 843 792 rogatis
866 717 905 772 et
928 699 1022 772 circa
1046 718 1090 773 ea
1111 701 1324 776 constitutis.

255 847 296 909 Et
317 863 378 922 ego
400 841 684 904 unumunurm
713 841 970 906 HASLPERGER
994 843 1128 908 Clericus
1150 843 1331 908 i'atsttientis
1360 843 1492 906 diocesss

328 937 466 998 Publicus
485 937 632 1014 imperiali
652 939 835 998 auctoritate
852 939 997 999 Notarius
1022 939 1101 1012 Quin
1121 941 1295 1001 huiusmodi
1322 939 1492 997 initibicio-

326 1033 359 1092 ni
384 1048 515 1088 unacum
539 1023 619 1090 initis
639 1031 819 1090 executioni
841 1033 1054 1105 renotationi,
1079 1037 1282 1114 omnibusque
1297 1031 1364 1090 niiie
1381 1042 1413 1090 et
1429 1029 1491 1089 stn-

327 1123 408 1204 guiis
433 1123 504 1182 dum
531 1120 569 1182 stc
588 1134 622 1183 ut
651 1124 837 1203 premittitur
864 1143 918 1204 per
949 1127 1152 1186 venerabilem
1184 1139 1298 1204 patrem
1326 1124 1491 1183 domiuum

325 1215 551 1280 NARCISSUM
579 1217 715 1295 abbatem
749 1229 781 1278 et
819 1217 1030 1282 Executorem
1060 1221 1258 1300 apostolis-unt
1286 1220 1490 1297 supradictum

329 1322 360 1372 et
380 1327 483 1370 corant
515 1329 554 1369 eo
576 1309 683 1371 sterent
705 1319 737 1372 et
763 1323 925 1386 atterentur
951 1334 1082 1373 vitarum
1111 1317 1331 1392 prenominatis
1362 1311 1491 1372 testibus

327 1403 446 1486 presens
467 1401 612 1473 interfui,
637 1403 739 1483 anue
761 1403 799 1464 iic
820 1403 885 1466 fieri
908 1405 972 1466 vidi
999 1419 1030 1466 et
1046 1409 1165 1476 rudini.
1192 1410 1307 1469 ideirco
1324 1426 1358 1465 ea
1383 1407 1412 1464 in
1429 1424 1491 1462 no-

329 1498 428 1558 titiam
438 1495 542 1576 sumpti
556 1517 595 1572 ear
611 1517 669 1576 qua
684 1500 744 1557 hoc
756 1497 874 1577 presens
888 1499 1040 1577 pubiicum
1056 1502 1303 1570 lnt'trtttttrnttun,
1318 1495 1491 1579 processuro

320 1578 505 1652 'huiusmodi
525 1591 556 1650 in
579 1589 607 1650 se
624 1592 805 1660 continens,
826 1594 950 1652 alterius
970 1613 1077 1659 mauu.
1103 1596 1168 1654 aliis
1189 1617 1237 1653 nte
1255 1595 1412 1672 preptedito
1434 1611 1492 1650 rte·

328 1685 429 1765 gociis
447 1681 576 1744 fideliter
597 1684 745 1763 sumptum
774 1683 896 1746 conieci
925 1685 1092 1765 subscripti.
1118 1701 1148 1748 et
1175 1689 1205 1748 in
1234 1689 1311 1748 hanc
1335 1687 1489 1766 pubiicum

329 1777 459 1840 forrnrun
478 1778 580 1856 redegi
601 1777 699 1856 Signo
718 1797 842 1859 quoque
861 1791 893 1839 et
915 1783 1041 1840 nomine
1062 1781 1135 1841 roeis
1160 1783 1255 1842 solitis
1277 1793 1308 1842 et
1330 1779 1490 1838 consuetis

328 1891 460 1934 unacum
479 1872 638 1932 memorrti
664 1871 781 1931 domini
804 1871 928 1933 Abbatis
951 1884 981 1933 et
993 1874 1201 1950 Strumosis,
1225 1888 1258 1937 et
1270 1877 1307 1934 de
1327 1873 1410 1932 iliius
1425 1871 1490 1931 ius·

331 1965 416 2026 stone
428 1964 528 2044 Sigiili
544 1966 697 2025 abbatialis
716 1963 896 2043 appeniione
921 1965 1035 2044 signaui
1055 1969 1192 2043 Rogatus
1219 1980 1250 2029 et
1269 1966 1430 2048 requiiitus
1454 1965 1492 2027 ln

328 2055 419 2121 iidem
436 2073 469 2120 et
487 2056 695 2121 testimonium
709 2059 848 2123 omnium
862 2073 894 2122 et
904 2057 1091 2138 siugulorunt
1106 2059 1329 2142 premissorum.

191 2277 327 2368 Num.
360 2271 641 2364 CCCX'cll.
698 2275 1056 2366 Instrttnrentum
1092 2281 1320 2365 notariale
1355 2307 1494 2394 super

264 2389 598 2476 'l‘rnnslatione
618 2391 833 2504 Corporis
849 2387 898 2474 S.
912 2394 1110 2477 Arsaeii.
1140 2395 1281 2475 Anno
1304 2419 1410 2502 1495

192 2533 255 2721 ln
278 2559 429 2634 nomine
452 2555 590 2630 domini
617 2559 742 2630 Arnen
767 2559 881 2632 Anno
905 2560 926 2632 ti
951 2558 1144 2634 natiuitate
1168 2557 1323 2631 eiusdem
1352 2557 1497 2632 utricu-

252 2675 313 2726 mo
346 2651 704 2749 quadringenteiimu
735 2653 969 2746 nonageiinto
998 2655 1127 2746 quinto
1160 2654 1342 2725 inditione
1366 2652 1496 2725 'sertia

193 2748 353 2829 decima,
376 2745 437 2819 die
462 2767 551 2818 vero
576 2749 687 2816 Sexto
715 2745 842 2816 Metuis
861 2744 1005 2834 Marcii,
1030 2747 1263 2840 pontificatus
1289 2742 1494 2819 tanetiliinri

191 2845 230 2925 in
248 2841 392 2921 Christo,
413 2841 527 2934 patris
551 2855 590 2911 et
614 2834 754 2910 domini
769 2837 875 2909 uotiri
896 2838 1035 2910 dontini
1055 2841 1342 2914 atazxauuat
1366 2839 1495 2912 diuina

192 2934 427 3032 prouidentia
453 2953 550 3026 pape
574 2929 676 3002 Sexti
707 2949 805 3002 auno
829 2931 956 3003 Tertio
989 2929 1229 3006 illutiriiiinuts
1256 2932 1428 3025 princeps
1454 2951 1494 3004 et

193 3029 380 3104 dominus,
406 3027 577 3099 dominus
592 3023 838 3098 Atuuaaus
854 3028 986 3097 Comes
1012 3027 1192 3117 palatinus
1217 3027 1319 3110 deni,
1343 3027 1494 3118 alteque

193 3118 351 3198 eti-atie
377 3121 524 3193 ssauarie
549 3120 622 3190 dux
649 3121 687 3189 in
720 3117 790 3188 mei
817 3116 955 3206 Notarij
984 3119 1116 3212 puniici
1148 3139 1186 3190 et
1210 3119 1370 3191 Tessiunr
1401 3117 1494 3189 inira

195 3217 408 3310 scriptorum
432 3217 478 3286 nd
503 3211 572 3284 hoc
595 3210 798 3304 specialiter
824 3231 1037 3284 vocatorum
1062 3231 1099 3284 er
1123 3231 1334 3304 attentorum
1351 3211 1495 3305 presen-

195 3315 246 3386 tia
272 3307 505 3404 personaliter
529 3305 760 3385 contutatus,
786 3304 956 3396 quasdam
982 3309 1103 3377 literas
1126 3305 1340 3397 apostolicas
1356 3325 1497 3377 niento-

195 3405 263 3481 rati
287 3402 424 3476 domini
451 3398 557 3473 nostri
582 3417 679 3492 pape
701 3398 853 3470 buiiatas
878 3397 978 3470 sanas
1008 3414 1045 3470 et
1068 3398 1253 3493 integras,
1287 3419 1360 3471 non
1385 3397 1493 3469 tvista-

195 3517 251 3574 tas
275 3515 394 3588 neque
418 3492 621 3601 suspectas,
644 3491 704 3565 i'ed
729 3491 831 3562 otnni
854 3491 995 3587 prorsus
1021 3510 1061 3563 vt
1086 3491 1202 3584 pritna
1227 3493 1319 3564 iacis
1340 3509 1495 3584 appare·

74 3649 76 3654 ,
196 3597 285 3669 bant
310 3590 400 3662 uitio
424 3607 463 3660 et
486 3585 681 3680 inspitiooe
704 3604 896 3671 carentes,
925 3587 971 3659 de
996 3585 1241 3658 tranilerettdo
1265 3605 1397 3677 corpus
1425 3586 1496 3655 tine

198 3684 365 3782 reliquias
390 3681 498 3755 sancti
532 3678 668 3769 Attacij
701 3683 747 3754 de
781 3681 927 3754 ecclelia
951 3679 1214 3753 aturrus'ruu
1241 3680 1281 3752 in
1306 3677 1495 3749 eeclesiam

199 3787 306 3856 beate
334 3777 448 3849 diatie
474 3774 636 3869 Virginis
660 3775 697 3846 in
723 3773 837 3869 opido
861 3775 1064 3848 monacenli
1091 3775 1254 3846 [ituatnm
1279 3769 1495 3863 sriiingetuis

201 3874 349 3950 dioeeiis
365 3873 575 3943 Reuerendo
591 3871 684 3963 patri
698 3868 848 3940 domino
865 3867 1097 3943 uuuctsso
1123 3867 1260 3939 Abbati
1288 3863 1495 3938 monasterii

201 3971 239 4044 in
252 3965 416 4038 Patussu
431 3965 565 4037 ordinis
580 3961 687 4036 iuncti
700 3961 882 4035 Benedicti
895 3961 1126 4059 Attguiieuiis
1137 3959 1299 4046 diocests,
1311 3976 1397 4030 tunc
1414 3979 1497 4047 per·

201 4060 370 4141 [ortaliter
393 4059 550 4158 preieuti
581 4059 641 4135 vui
666 4057 913 4131 Exeeutorum
936 4059 974 4130 iu
998 4053 1131 4129 eisdem
1156 4053 1268 4128 literis
1290 4050 1497 4218 apopolieis

586 4193 587 4196 ,
1386 4163 1452 4240 pe·
