<?xml version="1.0" encoding="UTF-8"?>
<!DOCTYPE html PUBLIC "-//W3C//DTD XHTML 1.0 Transitional//EN"
    "http://www.w3.org/TR/xhtml1/DTD/xhtml1-transitional.dtd">
<html xmlns="http://www.w3.org/1999/xhtml" xml:lang="en" lang="en">
 <head>
  <title>
</title>
<meta http-equiv="Content-Type" content="text/html;charset=utf-8" />
  <meta name='ocr-system' content='tesseract 3.04.00' />
  <meta name='ocr-capabilities' content='ocr_page ocr_carea ocr_par ocr_line ocrx_word'/>
</head>
<body>
  <div class='ocr_page' id='page_1' title='image "./monumentaboicae11landgoog_0263.png"; bbox 0 0 3298 4738; ppageno 0'>
   <div class='ocr_carea' id='block_1_1' title="bbox 522 421 1486 534">
    <p class='ocr_par' dir='ltr' id='par_1_1' title="bbox 522 421 1486 534">
     <span class='ocr_line' id='line_1_1' title="bbox 522 421 1486 534; baseline -0.013 -18"><span class='ocrx_word' id='word_1_1' title='bbox 522 426 736 516; x_wconf 82' lang='lat' dir='ltr'><strong>Ecclesiae</strong></span> <span class='ocrx_word' id='word_1_2' title='bbox 761 425 808 512; x_wconf 90' lang='lat' dir='ltr'><strong>ad</strong></span> <span class='ocrx_word' id='word_1_3' title='bbox 836 421 891 510; x_wconf 90' lang='lat' dir='ltr'><strong>D.</strong></span> <span class='ocrx_word' id='word_1_4' title='bbox 922 421 1141 528; x_wconf 82' lang='lat' dir='ltr'><strong>Virginem.</strong></span> <span class='ocrx_word' id='word_1_5' title='bbox 1410 449 1486 534; x_wconf 82' lang='lat'><strong>251</strong></span> 
     </span>
    </p>
   </div>
   <div class='ocr_carea' id='block_1_2' title="bbox 193 637 1495 4072">
    <p class='ocr_par' dir='ltr' id='par_1_2' title="bbox 193 637 1495 4072">
     <span class='ocr_line' id='line_1_2' title="bbox 195 637 1493 747; baseline -0.018 -5"><span class='ocrx_word' id='word_1_6' title='bbox 195 668 238 743; x_wconf 89' lang='lat' dir='ltr'><strong>ln</strong></span> <span class='ocrx_word' id='word_1_7' title='bbox 261 658 412 737; x_wconf 91' lang='lat' dir='ltr'><strong>domino</strong></span> <span class='ocrx_word' id='word_1_8' title='bbox 436 651 710 747; x_wconf 83' lang='lat' dir='ltr'><strong>sempiternam.</strong></span> <span class='ocrx_word' id='word_1_9' title='bbox 734 644 871 720; x_wconf 83' lang='lat' dir='ltr'><strong>bonelli</strong></span> <span class='ocrx_word' id='word_1_10' title='bbox 896 664 939 717; x_wconf 90' lang='lat' dir='ltr'><strong>nc</strong></span> <span class='ocrx_word' id='word_1_11' title='bbox 962 639 1101 716; x_wconf 89' lang='lat' dir='ltr'><strong>discreti</strong></span> <span class='ocrx_word' id='word_1_12' title='bbox 1126 639 1194 714; x_wconf 92' lang='lat' dir='ltr'><strong>viti</strong></span> <span class='ocrx_word' id='word_1_13' title='bbox 1219 637 1380 716; x_wconf 82' lang='lat' dir='ltr'><strong>VLlllCl</strong></span> <span class='ocrx_word' id='word_1_14' title='bbox 1398 643 1493 719; x_wconf 79' lang='lat' dir='ltr'><strong>nnt-</strong></span> 
     </span>
     <span class='ocr_line' id='line_1_3' title="bbox 197 757 1489 873; baseline -0.019 -14"><span class='ocrx_word' id='word_1_15' title='bbox 197 782 320 859; x_wconf 82' lang='lat' dir='ltr'>CHER</span> <span class='ocrx_word' id='word_1_16' title='bbox 347 771 509 873; x_wconf 91' lang='lat' dir='ltr'><strong>Opidani</strong></span> <span class='ocrx_word' id='word_1_17' title='bbox 535 766 757 845; x_wconf 86' lang='lat' dir='ltr'><strong>Monacensis</strong></span> <span class='ocrx_word' id='word_1_18' title='bbox 789 761 1001 860; x_wconf 77' lang='lat' dir='ltr'><strong>frisingense</strong></span> <span class='ocrx_word' id='word_1_19' title='bbox 1024 759 1172 834; x_wconf 81' lang='lat' dir='ltr'><strong>diocesis</strong></span> <span class='ocrx_word' id='word_1_20' title='bbox 1189 757 1361 835; x_wconf 84' lang='lat' dir='ltr'><strong>Exhibita</strong></span> <span class='ocrx_word' id='word_1_21' title='bbox 1379 762 1489 836; x_wconf 89' lang='lat' dir='ltr'><strong>nobis</strong></span> 
     </span>
     <span class='ocr_line' id='line_1_4' title="bbox 194 879 1491 1002; baseline -0.016 -27"><span class='ocrx_word' id='word_1_22' title='bbox 194 901 328 1002; x_wconf 89' lang='lat' dir='ltr'><strong>petitio</strong></span> <span class='ocrx_word' id='word_1_23' title='bbox 353 890 575 974; x_wconf 88' lang='lat' dir='ltr'><strong>continebat,</strong></span> <span class='ocrx_word' id='word_1_24' title='bbox 595 887 695 985; x_wconf 88' lang='lat' dir='ltr'><strong>quod</strong></span> <span class='ocrx_word' id='word_1_25' title='bbox 711 902 795 958; x_wconf 91' lang='lat' dir='ltr'><strong>cum</strong></span> <span class='ocrx_word' id='word_1_26' title='bbox 811 881 887 975; x_wconf 87' lang='lat' dir='ltr'><strong>ipse</strong></span> <span class='ocrx_word' id='word_1_27' title='bbox 901 883 1097 977; x_wconf 84' lang='lat' dir='ltr'><strong>quamdam</strong></span> <span class='ocrx_word' id='word_1_28' title='bbox 1112 893 1330 971; x_wconf 88' lang='lat' dir='ltr'><strong>perpetuam</strong></span> <span class='ocrx_word' id='word_1_29' title='bbox 1347 879 1491 954; x_wconf 85' lang='lat' dir='ltr'><strong>missam</strong></span> 
     </span>
     <span class='ocr_line' id='line_1_5' title="bbox 195 994 1492 1102; baseline -0.022 -3"><span class='ocrx_word' id='word_1_30' title='bbox 195 1025 238 1098; x_wconf 88' lang='lat' dir='ltr'><strong>ln</strong></span> <span class='ocrx_word' id='word_1_31' title='bbox 263 1014 416 1094; x_wconf 77' lang='lat' dir='ltr'><strong>Ecclesia</strong></span> <span class='ocrx_word' id='word_1_32' title='bbox 440 1005 623 1102; x_wconf 85' lang='lat' dir='ltr'><strong>hospitalis</strong></span> <span class='ocrx_word' id='word_1_33' title='bbox 647 1003 757 1078; x_wconf 89' lang='lat' dir='ltr'><strong>sancti</strong></span> <span class='ocrx_word' id='word_1_34' title='bbox 782 1000 924 1098; x_wconf 92' lang='lat' dir='ltr'><strong>spiritus</strong></span> <span class='ocrx_word' id='word_1_35' title='bbox 956 996 1056 1092; x_wconf 92' lang='lat' dir='ltr'><strong>opidi</strong></span> <span class='ocrx_word' id='word_1_36' title='bbox 1080 994 1233 1091; x_wconf 83' lang='lat' dir='ltr'><strong>predicti</strong></span> <span class='ocrx_word' id='word_1_37' title='bbox 1258 996 1320 1070; x_wconf 90' lang='lat' dir='ltr'><strong>Ad</strong></span> <span class='ocrx_word' id='word_1_38' title='bbox 1344 997 1492 1072; x_wconf 89' lang='lat' dir='ltr'><strong>landem</strong></span> 
     </span>
     <span class='ocr_line' id='line_1_6' title="bbox 194 1115 1492 1236; baseline -0.019 -21"><span class='ocrx_word' id='word_1_39' title='bbox 194 1156 233 1215; x_wconf 89' lang='lat' dir='ltr'><strong>et</strong></span> <span class='ocrx_word' id='word_1_40' title='bbox 256 1134 410 1236; x_wconf 82' lang='lat' dir='ltr'><strong>gloriam</strong></span> <span class='ocrx_word' id='word_1_41' title='bbox 426 1127 484 1202; x_wconf 87' lang='lat' dir='ltr'><strong>dei</strong></span> <span class='ocrx_word' id='word_1_42' title='bbox 501 1121 766 1218; x_wconf 89' lang='lat' dir='ltr'><strong>omnipotentis</strong></span> <span class='ocrx_word' id='word_1_43' title='bbox 791 1118 977 1212; x_wconf 88' lang='lat' dir='ltr'><strong>totiusque</strong></span> <span class='ocrx_word' id='word_1_44' title='bbox 992 1117 1100 1189; x_wconf 90' lang='lat' dir='ltr'><strong>Cnrie</strong></span> <span class='ocrx_word' id='word_1_45' title='bbox 1113 1117 1250 1190; x_wconf 87' lang='lat' dir='ltr'><strong>celestis</strong></span> <span class='ocrx_word' id='word_1_46' title='bbox 1266 1115 1492 1212; x_wconf 86' lang='lat' dir='ltr'><strong>triumphan-</strong></span> 
     </span>
     <span class='ocr_line' id='line_1_7' title="bbox 193 1231 1490 1334; baseline -0.02 0"><span class='ocrx_word' id='word_1_47' title='bbox 193 1260 242 1334; x_wconf 91' lang='lat' dir='ltr'><strong>tis</strong></span> <span class='ocrx_word' id='word_1_48' title='bbox 267 1258 315 1330; x_wconf 92' lang='lat' dir='ltr'><strong>ob</strong></span> <span class='ocrx_word' id='word_1_49' title='bbox 339 1253 488 1326; x_wconf 87' lang='lat' dir='ltr'><strong>salutem</strong></span> <span class='ocrx_word' id='word_1_50' title='bbox 518 1258 557 1313; x_wconf 89' lang='lat' dir='ltr'><strong>et</strong></span> <span class='ocrx_word' id='word_1_51' title='bbox 581 1239 782 1312; x_wconf 87' lang='lat' dir='ltr'><strong>remedium</strong></span> <span class='ocrx_word' id='word_1_52' title='bbox 805 1235 1006 1309; x_wconf 89' lang='lat' dir='ltr'><strong>animarum</strong></span> <span class='ocrx_word' id='word_1_53' title='bbox 1031 1231 1169 1306; x_wconf 89' lang='lat' dir='ltr'><strong>suarum</strong></span> <span class='ocrx_word' id='word_1_54' title='bbox 1194 1233 1490 1328; x_wconf 76' lang='lat' dir='ltr'>predecessorum</span> 
     </span>
     <span class='ocr_line' id='line_1_8' title="bbox 195 1348 1493 1455; baseline -0.02 -3"><span class='ocrx_word' id='word_1_55' title='bbox 195 1393 235 1452; x_wconf 90' lang='lat' dir='ltr'><strong>et</strong></span> <span class='ocrx_word' id='word_1_56' title='bbox 258 1367 495 1449; x_wconf 86' lang='lat' dir='ltr'><strong>successorum</strong></span> <span class='ocrx_word' id='word_1_57' title='bbox 521 1359 628 1455; x_wconf 78' lang='lat' dir='ltr'><strong>ipsius</strong></span> <span class='ocrx_word' id='word_1_58' title='bbox 653 1378 696 1432; x_wconf 86' lang='lat' dir='ltr'><strong>ac</strong></span> <span class='ocrx_word' id='word_1_59' title='bbox 720 1357 882 1431; x_wconf 90' lang='lat' dir='ltr'><strong>omnium</strong></span> <span class='ocrx_word' id='word_1_60' title='bbox 904 1351 1028 1429; x_wconf 87' lang='lat' dir='ltr'><strong>Chrilli</strong></span> <span class='ocrx_word' id='word_1_61' title='bbox 1052 1351 1213 1426; x_wconf 86' lang='lat' dir='ltr'><strong>fidelium</strong></span> <span class='ocrx_word' id='word_1_62' title='bbox 1238 1348 1493 1427; x_wconf 79' lang='lat' dir='ltr'><strong>defunctorum</strong></span> 
     </span>
     <span class='ocr_line' id='line_1_9' title="bbox 195 1469 1492 1570; baseline -0.019 -2"><span class='ocrx_word' id='word_1_63' title='bbox 195 1496 236 1570; x_wconf 92' lang='lat' dir='ltr'><strong>ln</strong></span> <span class='ocrx_word' id='word_1_64' title='bbox 261 1489 380 1567; x_wconf 80' lang='lat' dir='ltr'><strong>Alteri</strong></span> <span class='ocrx_word' id='word_1_65' title='bbox 404 1484 541 1556; x_wconf 86' lang='lat' dir='ltr'><strong>ibidem</strong></span> <span class='ocrx_word' id='word_1_66' title='bbox 570 1479 609 1550; x_wconf 92' lang='lat' dir='ltr'><strong>ln</strong></span> <span class='ocrx_word' id='word_1_67' title='bbox 633 1475 773 1548; x_wconf 87' lang='lat' dir='ltr'><strong>honore</strong></span> <span class='ocrx_word' id='word_1_68' title='bbox 796 1469 1049 1568; x_wconf 79' lang='lat' dir='ltr'><strong>gloriosissime</strong></span> <span class='ocrx_word' id='word_1_69' title='bbox 1081 1469 1232 1566; x_wconf 79' lang='lat' dir='ltr'><strong>virginis</strong></span> <span class='ocrx_word' id='word_1_70' title='bbox 1259 1469 1318 1542; x_wconf 90' lang='lat' dir='ltr'><strong>dei</strong></span> <span class='ocrx_word' id='word_1_71' title='bbox 1341 1469 1492 1566; x_wconf 89' lang='lat' dir='ltr'><strong>genitri-</strong></span> 
     </span>
     <span class='ocr_line' id='line_1_10' title="bbox 198 1587 1492 1686; baseline -0.019 1"><span class='ocrx_word' id='word_1_72' title='bbox 198 1613 250 1686; x_wconf 85' lang='lat' dir='ltr'><strong>cis</strong></span> <span class='ocrx_word' id='word_1_73' title='bbox 275 1621 398 1684; x_wconf 90' lang='lat' dir='ltr'><strong>erecto</strong></span> <span class='ocrx_word' id='word_1_74' title='bbox 423 1616 461 1674; x_wconf 90' lang='lat' dir='ltr'><strong>et</strong></span> <span class='ocrx_word' id='word_1_75' title='bbox 482 1596 651 1672; x_wconf 90' lang='lat' dir='ltr'><strong>dedicato</strong></span> <span class='ocrx_word' id='word_1_76' title='bbox 675 1591 827 1678; x_wconf 83' lang='lat' dir='ltr'><strong>cottidie</strong></span> <span class='ocrx_word' id='word_1_77' title='bbox 850 1608 921 1664; x_wconf 87' lang='lat' dir='ltr'><strong>nnn</strong></span> <span class='ocrx_word' id='word_1_78' title='bbox 944 1589 1005 1662; x_wconf 91' lang='lat' dir='ltr'><strong>die</strong></span> <span class='ocrx_word' id='word_1_79' title='bbox 1029 1591 1229 1673; x_wconf 78' lang='lat' dir='ltr'><strong>duntaxat,</strong></span> <span class='ocrx_word' id='word_1_80' title='bbox 1256 1589 1295 1661; x_wconf 94' lang='lat' dir='ltr'><strong>ln</strong></span> <span class='ocrx_word' id='word_1_81' title='bbox 1311 1587 1492 1662; x_wconf 83' lang='lat' dir='ltr'><strong>Ebdoma·</strong></span> 
     </span>
     <span class='ocr_line' id='line_1_11' title="bbox 195 1704 1489 1822; baseline -0.022 -16"><span class='ocrx_word' id='word_1_82' title='bbox 195 1732 242 1806; x_wconf 89' lang='lat' dir='ltr'><strong>da</strong></span> <span class='ocrx_word' id='word_1_83' title='bbox 267 1725 428 1822; x_wconf 87' lang='lat' dir='ltr'><strong>qualibet</strong></span> <span class='ocrx_word' id='word_1_84' title='bbox 452 1731 610 1808; x_wconf 89' lang='lat' dir='ltr'><strong>excepta</strong></span> <span class='ocrx_word' id='word_1_85' title='bbox 639 1709 902 1784; x_wconf 85' lang='lat' dir='ltr'><strong>celebrandam</strong></span> <span class='ocrx_word' id='word_1_86' title='bbox 926 1704 1077 1780; x_wconf 82' lang='lat' dir='ltr'><strong>instituit</strong></span> <span class='ocrx_word' id='word_1_87' title='bbox 1109 1708 1169 1779; x_wconf 90' lang='lat' dir='ltr'><strong>Ac</strong></span> <span class='ocrx_word' id='word_1_88' title='bbox 1202 1706 1305 1777; x_wconf 86' lang='lat' dir='ltr'><strong>bouis</strong></span> <span class='ocrx_word' id='word_1_89' title='bbox 1332 1704 1489 1799; x_wconf 89' lang='lat' dir='ltr'><strong>propriis</strong></span> 
     </span>
     <span class='ocr_line' id='line_1_12' title="bbox 196 1821 1492 1942; baseline -0.02 -20"><span class='ocrx_word' id='word_1_90' title='bbox 196 1868 266 1942; x_wconf 90' lang='lat' dir='ltr'><strong>pro</strong></span> <span class='ocrx_word' id='word_1_91' title='bbox 289 1865 364 1919; x_wconf 85' lang='lat' dir='ltr'><strong>uno</strong></span> <span class='ocrx_word' id='word_1_92' title='bbox 386 1833 589 1937; x_wconf 76' lang='lat' dir='ltr'><strong>presbitero</strong></span> <span class='ocrx_word' id='word_1_93' title='bbox 615 1829 673 1902; x_wconf 88' lang='lat' dir='ltr'><strong>sen</strong></span> <span class='ocrx_word' id='word_1_94' title='bbox 690 1828 876 1922; x_wconf 86' lang='lat' dir='ltr'><strong>Capelano</strong></span> <span class='ocrx_word' id='word_1_95' title='bbox 898 1824 1035 1898; x_wconf 87' lang='lat' dir='ltr'><strong>ibidem</strong></span> <span class='ocrx_word' id='word_1_96' title='bbox 1058 1822 1220 1897; x_wconf 90' lang='lat' dir='ltr'><strong>tenendo</strong></span> <span class='ocrx_word' id='word_1_97' title='bbox 1245 1839 1284 1896; x_wconf 91' lang='lat' dir='ltr'><strong>et</strong></span> <span class='ocrx_word' id='word_1_98' title='bbox 1306 1821 1492 1897; x_wconf 85' lang='lat' dir='ltr'><strong>lttllituen-</strong></span> 
     </span>
     <span class='ocr_line' id='line_1_13' title="bbox 195 1938 1495 2056; baseline -0.019 -17"><span class='ocrx_word' id='word_1_99' title='bbox 195 1966 245 2041; x_wconf 90' lang='lat' dir='ltr'><strong>do</strong></span> <span class='ocrx_word' id='word_1_100' title='bbox 268 1958 414 2056; x_wconf 85' lang='lat' dir='ltr'><strong>copiose</strong></span> <span class='ocrx_word' id='word_1_101' title='bbox 437 1949 619 2028; x_wconf 83' lang='lat' dir='ltr'><strong>domuerit</strong></span> <span class='ocrx_word' id='word_1_102' title='bbox 647 1938 955 2042; x_wconf 81' lang='lat' dir='ltr'><strong>presentationem</strong></span> <span class='ocrx_word' id='word_1_103' title='bbox 980 1942 1153 2035; x_wconf 88' lang='lat' dir='ltr'><strong>capelani</strong></span> <span class='ocrx_word' id='word_1_104' title='bbox 1187 1942 1284 2014; x_wconf 89' lang='lat' dir='ltr'><strong>dicte</strong></span> <span class='ocrx_word' id='word_1_105' title='bbox 1315 1961 1495 2034; x_wconf 83' lang='lat' dir='ltr'><strong>perpetue</strong></span> 
     </span>
     <span class='ocr_line' id='line_1_14' title="bbox 197 2057 1494 2164; baseline -0.022 -6"><span class='ocrx_word' id='word_1_106' title='bbox 197 2080 305 2158; x_wconf 87' lang='lat' dir='ltr'><strong>misse</strong></span> <span class='ocrx_word' id='word_1_107' title='bbox 336 2072 522 2149; x_wconf 82' lang='lat' dir='ltr'><strong>occasione</strong></span> <span class='ocrx_word' id='word_1_108' title='bbox 546 2064 648 2164; x_wconf 86' lang='lat' dir='ltr'><strong>Jnris</strong></span> <span class='ocrx_word' id='word_1_109' title='bbox 683 2060 913 2158; x_wconf 89' lang='lat' dir='ltr'><strong>presentandi</strong></span> <span class='ocrx_word' id='word_1_110' title='bbox 938 2057 1010 2133; x_wconf 89' lang='lat' dir='ltr'><strong>libi</strong></span> <span class='ocrx_word' id='word_1_111' title='bbox 1035 2059 1215 2134; x_wconf 84' lang='lat' dir='ltr'><strong>vnntco</strong></span> <span class='ocrx_word' id='word_1_112' title='bbox 1239 2059 1361 2154; x_wconf 88' lang='lat' dir='ltr'><strong>quoad</strong></span> <span class='ocrx_word' id='word_1_113' title='bbox 1392 2057 1494 2130; x_wconf 83' lang='lat' dir='ltr'><strong>vixe-</strong></span> 
     </span>
     <span class='ocr_line' id='line_1_15' title="bbox 196 2173 1493 2284; baseline -0.018 -10"><span class='ocrx_word' id='word_1_114' title='bbox 196 2200 244 2275; x_wconf 88' lang='lat' dir='ltr'><strong>rit</strong></span> <span class='ocrx_word' id='word_1_115' title='bbox 267 2213 306 2270; x_wconf 91' lang='lat' dir='ltr'><strong>et</strong></span> <span class='ocrx_word' id='word_1_116' title='bbox 342 2206 478 2284; x_wconf 84' lang='lat' dir='ltr'><strong>expost</strong></span> <span class='ocrx_word' id='word_1_117' title='bbox 501 2183 703 2258; x_wconf 88' lang='lat' dir='ltr'><strong>consulibus</strong></span> <span class='ocrx_word' id='word_1_118' title='bbox 739 2177 958 2276; x_wconf 82' lang='lat' dir='ltr'><strong>generaliter</strong></span> <span class='ocrx_word' id='word_1_119' title='bbox 983 2176 1084 2271; x_wconf 89' lang='lat' dir='ltr'><strong>opidi</strong></span> <span class='ocrx_word' id='word_1_120' title='bbox 1115 2194 1154 2250; x_wconf 90' lang='lat' dir='ltr'><strong>et</strong></span> <span class='ocrx_word' id='word_1_121' title='bbox 1177 2179 1285 2273; x_wconf 82' lang='lat' dir='ltr'><strong>ipsius</strong></span> <span class='ocrx_word' id='word_1_122' title='bbox 1309 2173 1493 2272; x_wconf 85' lang='lat' dir='ltr'><strong>hospitalis</strong></span> 
     </span>
     <span class='ocr_line' id='line_1_16' title="bbox 196 2291 1493 2414; baseline -0.017 -24"><span class='ocrx_word' id='word_1_123' title='bbox 196 2307 491 2414; x_wconf 82' lang='lat' dir='ltr'><strong>procuratoribus</strong></span> <span class='ocrx_word' id='word_1_124' title='bbox 524 2301 596 2389; x_wconf 84' lang='lat' dir='ltr'><strong>line</strong></span> <span class='ocrx_word' id='word_1_125' title='bbox 629 2297 875 2394; x_wconf 80' lang='lat' dir='ltr'><strong>provisoribus</strong></span> <span class='ocrx_word' id='word_1_126' title='bbox 908 2291 968 2368; x_wconf 89' lang='lat' dir='ltr'><strong>seu</strong></span> <span class='ocrx_word' id='word_1_127' title='bbox 1002 2295 1193 2388; x_wconf 84' lang='lat' dir='ltr'><strong>prepositis</strong></span> <span class='ocrx_word' id='word_1_128' title='bbox 1223 2317 1290 2390; x_wconf 90' lang='lat' dir='ltr'><strong>pro</strong></span> <span class='ocrx_word' id='word_1_129' title='bbox 1325 2314 1493 2389; x_wconf 90' lang='lat' dir='ltr'><strong>tempore</strong></span> 
     </span>
     <span class='ocr_line' id='line_1_17' title="bbox 198 2397 1491 2509; baseline -0.017 -1"><span class='ocrx_word' id='word_1_130' title='bbox 198 2429 435 2509; x_wconf 85' lang='lat' dir='ltr'><strong>existentibus</strong></span> <span class='ocrx_word' id='word_1_131' title='bbox 458 2397 677 2496; x_wconf 73' lang='lat' dir='ltr'><strong>referiatam</strong></span> <span class='ocrx_word' id='word_1_132' title='bbox 704 2425 757 2494; x_wconf 88' lang='lat' dir='ltr'><strong>lta</strong></span> <span class='ocrx_word' id='word_1_133' title='bbox 782 2413 953 2490; x_wconf 87' lang='lat' dir='ltr'><strong>videlicet</strong></span> <span class='ocrx_word' id='word_1_134' title='bbox 979 2416 1077 2506; x_wconf 91' lang='lat' dir='ltr'><strong>qnod</strong></span> <span class='ocrx_word' id='word_1_135' title='bbox 1092 2415 1275 2506; x_wconf 89' lang='lat' dir='ltr'><strong>predictus</strong></span> <span class='ocrx_word' id='word_1_136' title='bbox 1291 2413 1491 2486; x_wconf 83' lang='lat' dir='ltr'><strong>VLlllCUs</strong></span> 
     </span>
     <span class='ocr_line' id='line_1_18' title="bbox 198 2527 1492 2629; baseline -0.017 -1"><span class='ocrx_word' id='word_1_137' title='bbox 198 2547 401 2629; x_wconf 82' lang='lat' dir='ltr'><strong>nntcnnn</strong></span> <span class='ocrx_word' id='word_1_138' title='bbox 428 2545 515 2617; x_wconf 92' lang='lat' dir='ltr'><strong>dum</strong></span> <span class='ocrx_word' id='word_1_139' title='bbox 539 2539 632 2616; x_wconf 85' lang='lat' dir='ltr'><strong>vixit</strong></span> <span class='ocrx_word' id='word_1_140' title='bbox 656 2551 695 2611; x_wconf 90' lang='lat' dir='ltr'><strong>et</strong></span> <span class='ocrx_word' id='word_1_141' title='bbox 718 2547 872 2628; x_wconf 64' lang='lat' dir='ltr'><strong>apost,</strong></span> <span class='ocrx_word' id='word_1_142' title='bbox 896 2529 1140 2603; x_wconf 87' lang='lat' dir='ltr'><strong>communiter</strong></span> <span class='ocrx_word' id='word_1_143' title='bbox 1161 2527 1387 2603; x_wconf 78' lang='lat' dir='ltr'><strong>consuleret</strong></span> <span class='ocrx_word' id='word_1_144' title='bbox 1410 2552 1492 2626; x_wconf 79' lang='lat' dir='ltr'><strong>pro</strong></span> 
     </span>
     <span class='ocr_line' id='line_1_19' title="bbox 198 2647 1487 2761; baseline -0.019 -14"><span class='ocrx_word' id='word_1_145' title='bbox 198 2688 380 2749; x_wconf 82' lang='lat' dir='ltr'><strong>curatores</strong></span> <span class='ocrx_word' id='word_1_146' title='bbox 402 2659 534 2761; x_wconf 90' lang='lat' dir='ltr'><strong>prelati</strong></span> <span class='ocrx_word' id='word_1_147' title='bbox 559 2678 628 2754; x_wconf 90' lang='lat' dir='ltr'><strong>pro</strong></span> <span class='ocrx_word' id='word_1_148' title='bbox 659 2672 827 2747; x_wconf 89' lang='lat' dir='ltr'><strong>tempore</strong></span> <span class='ocrx_word' id='word_1_149' title='bbox 850 2647 1045 2722; x_wconf 81' lang='lat' dir='ltr'><strong>existentes</strong></span> <span class='ocrx_word' id='word_1_150' title='bbox 1064 2649 1250 2743; x_wconf 85' lang='lat' dir='ltr'><strong>Capelano</strong></span> <span class='ocrx_word' id='word_1_151' title='bbox 1284 2649 1487 2724; x_wconf 86' lang='lat' dir='ltr'><strong>decedente</strong></span> 
     </span>
     <span class='ocr_line' id='line_1_20' title="bbox 198 2763 1493 2869; baseline -0.019 -3"><span class='ocrx_word' id='word_1_152' title='bbox 198 2792 258 2866; x_wconf 89' lang='lat' dir='ltr'><strong>uel</strong></span> <span class='ocrx_word' id='word_1_153' title='bbox 295 2789 448 2860; x_wconf 88' lang='lat' dir='ltr'><strong>cedente</strong></span> <span class='ocrx_word' id='word_1_154' title='bbox 473 2779 600 2854; x_wconf 88' lang='lat' dir='ltr'><strong>Alium</strong></span> <span class='ocrx_word' id='word_1_155' title='bbox 634 2775 823 2869; x_wconf 91' lang='lat' dir='ltr'><strong>ydoneum</strong></span> <span class='ocrx_word' id='word_1_156' title='bbox 856 2765 1097 2862; x_wconf 86' lang='lat' dir='ltr'><strong>presbiterum</strong></span> <span class='ocrx_word' id='word_1_157' title='bbox 1131 2769 1177 2839; x_wconf 91' lang='lat' dir='ltr'><strong>ad</strong></span> <span class='ocrx_word' id='word_1_158' title='bbox 1207 2763 1493 2843; x_wconf 89' lang='lat' dir='ltr'><strong>confirmandum</strong></span> 
     </span>
     <span class='ocr_line' id='line_1_21' title="bbox 198 2865 1488 2986; baseline -0.02 0"><span class='ocrx_word' id='word_1_159' title='bbox 198 2902 414 2986; x_wconf 86' lang='lat' dir='ltr'><strong>Reverendo</strong></span> <span class='ocrx_word' id='word_1_160' title='bbox 439 2900 477 2972; x_wconf 90' lang='lat' dir='ltr'><strong>ln</strong></span> <span class='ocrx_word' id='word_1_161' title='bbox 509 2897 653 2970; x_wconf 86' lang='lat' dir='ltr'><strong>Christo</strong></span> <span class='ocrx_word' id='word_1_162' title='bbox 678 2890 772 2964; x_wconf 90' lang='lat' dir='ltr'><strong>Patri</strong></span> <span class='ocrx_word' id='word_1_163' title='bbox 803 2903 841 2960; x_wconf 87' lang='lat' dir='ltr'><strong>et</strong></span> <span class='ocrx_word' id='word_1_164' title='bbox 876 2885 1026 2960; x_wconf 89' lang='lat' dir='ltr'><strong>domino</strong></span> <span class='ocrx_word' id='word_1_165' title='bbox 1050 2884 1200 2959; x_wconf 85' lang='lat' dir='ltr'><strong>domino</strong></span> <span class='ocrx_word' id='word_1_166' title='bbox 1226 2885 1267 2958; x_wconf 85' lang='grc' dir='ltr'><strong>Ν.</strong></span> <span class='ocrx_word' id='word_1_167' title='bbox 1298 2865 1488 2981; x_wconf 72' lang='lat' dir='ltr'><strong>&#39;Episcopo</strong></span> 
     </span>
     <span class='ocr_line' id='line_1_22' title="bbox 197 3001 1491 3117; baseline -0.019 -13"><span class='ocrx_word' id='word_1_168' title='bbox 197 3019 392 3117; x_wconf 80' lang='lat' dir='ltr'><strong>srinngenn</strong></span> <span class='ocrx_word' id='word_1_169' title='bbox 415 3032 478 3091; x_wconf 88' lang='lat' dir='ltr'><strong>aut</strong></span> <span class='ocrx_word' id='word_1_170' title='bbox 502 3014 578 3091; x_wconf 89' lang='lat' dir='ltr'><strong>eins</strong></span> <span class='ocrx_word' id='word_1_171' title='bbox 603 3015 643 3087; x_wconf 92' lang='lat' dir='ltr'><strong>ln</strong></span> <span class='ocrx_word' id='word_1_172' title='bbox 665 3001 905 3103; x_wconf 84' lang='lat' dir='ltr'><strong>spiritualibus</strong></span> <span class='ocrx_word' id='word_1_173' title='bbox 924 3003 1061 3076; x_wconf 87' lang='lat' dir='ltr'><strong>vicario</strong></span> <span class='ocrx_word' id='word_1_174' title='bbox 1084 3003 1245 3094; x_wconf 85' lang='lat' dir='ltr'><strong>generali</strong></span> <span class='ocrx_word' id='word_1_175' title='bbox 1270 3001 1338 3075; x_wconf 90' lang='lat' dir='ltr'><strong>suis</strong></span> <span class='ocrx_word' id='word_1_176' title='bbox 1362 3005 1491 3080; x_wconf 89' lang='lat' dir='ltr'><strong>litteris</strong></span> 
     </span>
     <span class='ocr_line' id='line_1_23' title="bbox 198 3119 1490 3244; baseline -0.017 -23"><span class='ocrx_word' id='word_1_177' title='bbox 198 3139 410 3244; x_wconf 86' lang='lat' dir='ltr'><strong>patentibus</strong></span> <span class='ocrx_word' id='word_1_178' title='bbox 434 3147 497 3206; x_wconf 88' lang='lat' dir='ltr'><strong>aut</strong></span> <span class='ocrx_word' id='word_1_179' title='bbox 532 3129 621 3204; x_wconf 90' lang='lat' dir='ltr'><strong>alias</strong></span> <span class='ocrx_word' id='word_1_180' title='bbox 653 3123 821 3223; x_wconf 77' lang='lat' dir='ltr'><strong>legitime</strong></span> <span class='ocrx_word' id='word_1_181' title='bbox 846 3137 885 3194; x_wconf 92' lang='lat' dir='ltr'><strong>ut</strong></span> <span class='ocrx_word' id='word_1_182' title='bbox 914 3121 1025 3194; x_wconf 88' lang='lat' dir='ltr'><strong>moris</strong></span> <span class='ocrx_word' id='word_1_183' title='bbox 1056 3136 1132 3207; x_wconf 86' lang='lat' dir='ltr'><strong>est,</strong></span> <span class='ocrx_word' id='word_1_184' title='bbox 1164 3120 1276 3215; x_wconf 89' lang='lat' dir='ltr'><strong>pleno</strong></span> <span class='ocrx_word' id='word_1_185' title='bbox 1305 3119 1384 3210; x_wconf 83' lang='lat' dir='ltr'><strong>inre</strong></span> <span class='ocrx_word' id='word_1_186' title='bbox 1416 3123 1490 3199; x_wconf 89' lang='lat' dir='ltr'><strong>line</strong></span> 
     </span>
     <span class='ocr_line' id='line_1_24' title="bbox 198 3238 1492 3362; baseline -0.017 -24"><span class='ocrx_word' id='word_1_187' title='bbox 198 3263 364 3362; x_wconf 85' lang='lat' dir='ltr'><strong>quolibet</strong></span> <span class='ocrx_word' id='word_1_188' title='bbox 386 3252 512 3328; x_wconf 89' lang='lat' dir='ltr'><strong>illicito</strong></span> <span class='ocrx_word' id='word_1_189' title='bbox 545 3260 732 3319; x_wconf 87' lang='lat' dir='ltr'><strong>contractu</strong></span> <span class='ocrx_word' id='word_1_190' title='bbox 756 3258 819 3316; x_wconf 93' lang='lat' dir='ltr'><strong>aut</strong></span> <span class='ocrx_word' id='word_1_191' title='bbox 846 3239 1050 3336; x_wconf 86' lang='lat' dir='ltr'><strong>symoniaca</strong></span> <span class='ocrx_word' id='word_1_192' title='bbox 1073 3238 1256 3335; x_wconf 88' lang='lat' dir='ltr'><strong>prauitate</strong></span> <span class='ocrx_word' id='word_1_193' title='bbox 1279 3239 1374 3314; x_wconf 86' lang='lat' dir='ltr'><strong>iusta</strong></span> <span class='ocrx_word' id='word_1_194' title='bbox 1399 3259 1492 3316; x_wconf 88' lang='lat' dir='ltr'><strong>tem·</strong></span> 
     </span>
     <span class='ocr_line' id='line_1_25' title="bbox 198 3355 1493 3483; baseline -0.018 -26"><span class='ocrx_word' id='word_1_195' title='bbox 198 3405 267 3483; x_wconf 90' lang='lat' dir='ltr'><strong>pus</strong></span> <span class='ocrx_word' id='word_1_196' title='bbox 290 3397 314 3453; x_wconf 89' lang='lat' dir='ltr'><strong>a</strong></span> <span class='ocrx_word' id='word_1_197' title='bbox 335 3374 414 3449; x_wconf 88' lang='lat' dir='ltr'><strong>iure</strong></span> <span class='ocrx_word' id='word_1_198' title='bbox 437 3363 631 3444; x_wconf 87' lang='lat' dir='ltr'><strong>diffinitum</strong></span> <span class='ocrx_word' id='word_1_199' title='bbox 653 3358 862 3460; x_wconf 85' lang='lat' dir='ltr'><strong>presentare</strong></span> <span class='ocrx_word' id='word_1_200' title='bbox 885 3358 999 3452; x_wconf 87' lang='lat' dir='ltr'><strong>possit</strong></span> <span class='ocrx_word' id='word_1_201' title='bbox 1029 3356 1088 3432; x_wconf 89' lang='lat' dir='ltr'><strong>sen</strong></span> <span class='ocrx_word' id='word_1_202' title='bbox 1119 3355 1257 3453; x_wconf 88' lang='lat' dir='ltr'><strong>possint</strong></span> <span class='ocrx_word' id='word_1_203' title='bbox 1290 3359 1409 3431; x_wconf 87' lang='lat' dir='ltr'><strong>valeat</strong></span> <span class='ocrx_word' id='word_1_204' title='bbox 1432 3357 1493 3435; x_wconf 89' lang='lat' dir='ltr'><strong>sen</strong></span> 
     </span>
     <span class='ocr_line' id='line_1_26' title="bbox 196 3474 1491 3584; baseline -0.02 -6"><span class='ocrx_word' id='word_1_205' title='bbox 196 3503 369 3580; x_wconf 79' lang='lat' dir='ltr'><strong>valeant,</strong></span> <span class='ocrx_word' id='word_1_206' title='bbox 398 3500 509 3584; x_wconf 89' lang='lat' dir='ltr'><strong>prout</strong></span> <span class='ocrx_word' id='word_1_207' title='bbox 530 3485 597 3556; x_wconf 85' lang='lat' dir='ltr'><strong>hec</strong></span> <span class='ocrx_word' id='word_1_208' title='bbox 618 3501 657 3556; x_wconf 88' lang='lat' dir='ltr'><strong>et</strong></span> <span class='ocrx_word' id='word_1_209' title='bbox 680 3482 750 3556; x_wconf 91' lang='lat' dir='ltr'><strong>alia</strong></span> <span class='ocrx_word' id='word_1_210' title='bbox 773 3479 876 3574; x_wconf 87' lang='lat' dir='ltr'><strong>plora</strong></span> <span class='ocrx_word' id='word_1_211' title='bbox 898 3497 1058 3551; x_wconf 87' lang='lat' dir='ltr'><strong>necnon</strong></span> <span class='ocrx_word' id='word_1_212' title='bbox 1084 3476 1179 3550; x_wconf 89' lang='lat' dir='ltr'><strong>bona</strong></span> <span class='ocrx_word' id='word_1_213' title='bbox 1205 3476 1250 3549; x_wconf 89' lang='lat' dir='ltr'><strong>ad</strong></span> <span class='ocrx_word' id='word_1_214' title='bbox 1274 3474 1389 3573; x_wconf 88' lang='lat' dir='ltr'><strong>ipsam</strong></span> <span class='ocrx_word' id='word_1_215' title='bbox 1414 3501 1491 3572; x_wconf 88' lang='lat' dir='ltr'><strong>per·</strong></span> 
     </span>
     <span class='ocr_line' id='line_1_27' title="bbox 196 3591 1490 3718; baseline -0.02 -24"><span class='ocrx_word' id='word_1_216' title='bbox 196 3635 348 3718; x_wconf 91' lang='lat' dir='ltr'><strong>petuam</strong></span> <span class='ocrx_word' id='word_1_217' title='bbox 374 3604 515 3680; x_wconf 89' lang='lat' dir='ltr'><strong>missam</strong></span> <span class='ocrx_word' id='word_1_218' title='bbox 538 3603 576 3674; x_wconf 92' lang='lat' dir='ltr'><strong>in</strong></span> <span class='ocrx_word' id='word_1_219' title='bbox 599 3599 728 3672; x_wconf 88' lang='lat' dir='ltr'><strong>litteris</strong></span> <span class='ocrx_word' id='word_1_220' title='bbox 753 3595 950 3671; x_wconf 88' lang='lat' dir='ltr'><strong>dotationis</strong></span> <span class='ocrx_word' id='word_1_221' title='bbox 975 3595 1126 3692; x_wconf 86' lang='lat' dir='ltr'><strong>desuper</strong></span> <span class='ocrx_word' id='word_1_222' title='bbox 1151 3591 1324 3668; x_wconf 83' lang='lat' dir='ltr'><strong>coniectis</strong></span> <span class='ocrx_word' id='word_1_223' title='bbox 1347 3595 1490 3689; x_wconf 84' lang='lat' dir='ltr'><strong>plenius</strong></span> 
     </span>
     <span class='ocr_line' id='line_1_28' title="bbox 198 3713 1489 3817; baseline -0.022 -3"><span class='ocrx_word' id='word_1_224' title='bbox 198 3737 418 3814; x_wconf 89' lang='lat' dir='ltr'><strong>continetur,</strong></span> <span class='ocrx_word' id='word_1_225' title='bbox 430 3740 607 3817; x_wconf 81' lang='lat' dir='ltr'><strong>quatenns</strong></span> <span class='ocrx_word' id='word_1_226' title='bbox 617 3717 784 3813; x_wconf 86' lang='lat' dir='ltr'><strong>predicte</strong></span> <span class='ocrx_word' id='word_1_227' title='bbox 801 3735 975 3810; x_wconf 88' lang='lat' dir='ltr'><strong>perpetue</strong></span> <span class='ocrx_word' id='word_1_228' title='bbox 994 3714 1098 3788; x_wconf 88' lang='lat' dir='ltr'><strong>misse</strong></span> <span class='ocrx_word' id='word_1_229' title='bbox 1115 3713 1376 3788; x_wconf 84' lang='lat' dir='ltr'><strong>institutionem</strong></span> <span class='ocrx_word' id='word_1_230' title='bbox 1389 3733 1489 3806; x_wconf 88' lang='lat' dir='ltr'><strong>ptes-</strong></span> 
     </span>
     <span class='ocr_line' id='line_1_29' title="bbox 197 3833 1490 3935; baseline -0.016 -4"><span class='ocrx_word' id='word_1_231' title='bbox 197 3843 570 3935; x_wconf 85' lang='lat' dir='ltr'><strong>biteriordiuationem</strong></span> <span class='ocrx_word' id='word_1_232' title='bbox 590 3835 817 3910; x_wconf 87' lang='lat' dir='ltr'><strong>dotationem</strong></span> <span class='ocrx_word' id='word_1_233' title='bbox 828 3853 866 3909; x_wconf 89' lang='lat' dir='ltr'><strong>et</strong></span> <span class='ocrx_word' id='word_1_234' title='bbox 883 3835 1161 3908; x_wconf 85' lang='lat' dir='ltr'><strong>celebrationem</strong></span> <span class='ocrx_word' id='word_1_235' title='bbox 1175 3833 1372 3908; x_wconf 87' lang='lat' dir='ltr'><strong>admittere</strong></span> <span class='ocrx_word' id='word_1_236' title='bbox 1387 3853 1426 3906; x_wconf 91' lang='lat' dir='ltr'><strong>et</strong></span> <span class='ocrx_word' id='word_1_237' title='bbox 1442 3836 1490 3910; x_wconf 91' lang='lat' dir='ltr'><strong>de</strong></span> 
     </span>
     <span class='ocr_line' id='line_1_30' title="bbox 199 3941 1488 4072; baseline -0.019 -21"><span class='ocrx_word' id='word_1_238' title='bbox 199 3970 341 4072; x_wconf 87' lang='lat' dir='ltr'><strong>speciali</strong></span> <span class='ocrx_word' id='word_1_239' title='bbox 353 3962 470 4063; x_wconf 83' lang='lat' dir='ltr'><strong>gratia</strong></span> <span class='ocrx_word' id='word_1_240' title='bbox 485 3975 523 4031; x_wconf 89' lang='lat' dir='ltr'><strong>et</strong></span> <span class='ocrx_word' id='word_1_241' title='bbox 536 3953 660 4030; x_wconf 90' lang='lat' dir='ltr'><strong>lauore</strong></span> <span class='ocrx_word' id='word_1_242' title='bbox 671 3953 884 4028; x_wconf 85' lang='lat' dir='ltr'><strong>confirmare</strong></span> <span class='ocrx_word' id='word_1_243' title='bbox 897 3941 1135 4047; x_wconf 75' lang='lat' dir='ltr'><strong>dignaremus</strong></span> <span class='ocrx_word' id='word_1_244' title='bbox 1142 3951 1218 4024; x_wconf 89' lang='lat' dir='ltr'><strong>Nos</strong></span> <span class='ocrx_word' id='word_1_245' title='bbox 1237 3952 1349 4048; x_wconf 85' lang='lat' dir='ltr'><strong>igitur</strong></span> <span class='ocrx_word' id='word_1_246' title='bbox 1363 3952 1488 4027; x_wconf 87' lang='lat' dir='ltr'><strong>uolen-</strong></span> 
     </span>
    </p>
   </div>
   <div class='ocr_carea' id='block_1_3' title="bbox 200 4065 1489 4264">
    <p class='ocr_par' dir='ltr' id='par_1_3' title="bbox 200 4065 1489 4264">
     <span class='ocr_line' id='line_1_31' title="bbox 200 4065 1489 4262; baseline -0.019 -93"><span class='ocrx_word' id='word_1_247' title='bbox 200 4110 259 4168; x_wconf 89' lang='lat' dir='ltr'><strong>tes</strong></span> <span class='ocrx_word' id='word_1_248' title='bbox 283 4081 479 4166; x_wconf 77' lang='lat' dir='ltr'><strong>Laudabile</strong></span> <span class='ocrx_word' id='word_1_249' title='bbox 504 4074 637 4175; x_wconf 88' lang='lat' dir='ltr'><strong>presati</strong></span> <span class='ocrx_word' id='word_1_250' title='bbox 663 4073 884 4262; x_wconf 64' lang='lat' dir='ltr'><strong>VLRlCllln</strong></span> <span class='ocrx_word' id='word_1_251' title='bbox 908 4069 1060 4146; x_wconf 90' lang='lat' dir='ltr'><strong>domiuo</strong></span> <span class='ocrx_word' id='word_1_252' title='bbox 1094 4071 1325 4168; x_wconf 85' lang='lat' dir='ltr'><strong>propositum</strong></span> <span class='ocrx_word' id='word_1_253' title='bbox 1348 4065 1489 4145; x_wconf 80' lang='lat' dir='ltr'><strong>fauore·</strong></span> 
     </span>
     <span class='ocr_line' id='line_1_32' title="bbox 856 4185 1441 4264; baseline -0.01 -2"><span class='ocrx_word' id='word_1_254' title='bbox 856 4189 870 4262; x_wconf 90' lang='lat' dir='ltr'><strong>i</strong></span> <span class='ocrx_word' id='word_1_255' title='bbox 893 4211 914 4264; x_wconf 83' lang='lat'><em>2</em></span> <span class='ocrx_word' id='word_1_256' title='bbox 1363 4185 1441 4256; x_wconf 86' lang='lat' dir='ltr'><strong>bili-</strong></span> 
     </span>
    </p>
   </div>
   <div class='ocr_carea' id='block_1_4' title="bbox 0 0 1659 4738">
    <p class='ocr_par' dir='ltr' id='par_1_4' title="bbox 0 0 1659 4738">
     <span class='ocr_line' id='line_1_33' title="bbox 0 0 1659 4738; baseline 0 0"><span class='ocrx_word' id='word_1_257' title='bbox 0 0 1659 4738; x_wconf 95' lang='lat' dir='ltr'><strong> </strong></span> 
     </span>
    </p>
   </div>
  </div>
 </body>
</html>
