3226 4744
428 410 643 500 Ecclesiae
671 413 719 498 nd
747 410 801 499 D.
829 413 1055 526 Virginem.
1303 453 1385 538 713

94 639 262 718 totaliter
283 657 358 714 non
381 632 511 710 inserta
534 629 684 710 allectus
708 651 829 710 earum
863 634 1036 734 impediri
1061 639 1204 729 ualeat,
1233 659 1388 752 quomo·

96 740 236 814 dolibet
259 733 318 808 uel
341 727 473 804 differri
497 744 535 801 et
558 729 758 824 dequibus
782 749 1010 827 otiosumque
1034 735 1121 806 totis
1139 742 1325 812 tenoribus
1340 744 1386 815 de

93 834 209 905 uerbo
221 832 268 903 ad
288 826 436 900 uerbum
453 821 620 896 habenda
640 823 681 895 sit
699 822 735 896 in
755 825 882 896 nostris
902 824 1030 899 litteris
1054 827 1195 902 mentio
1216 827 1387 924 spetialis.

89 922 236 998 Prouiso
250 923 350 1017 quod
373 933 525 1013 propter
542 915 713 988 unionem
734 917 978 990 annexionem
1003 938 1040 992 et
1051 921 1385 1016 incorporationem

120 1017 275 1091 redictas
300 1015 396 1089 dicta
422 1011 522 1083 unita
545 1007 720 1080 beneficia
738 1009 869 1080 debitis
882 1031 954 1084 non
979 1010 1189 1088 fraudentur
1202 1015 1383 1112 obsequiis

89 1037 148 1184 sei
172 1128 299 1184 eorum
324 1124 485 1198 congrue
516 1099 773 1194 supportentur
803 1123 913 1175 onera
943 1109 1125 1186 consueta.
1175 1109 1248 1182 Nos
1282 1112 1382 1187 enim

91 1221 140 1276 ex
158 1223 254 1274 nunc
272 1199 411 1272 irritum
430 1195 659 1268 decernimus
682 1209 719 1266 et
737 1194 844 1266 inane
865 1197 887 1268 si
911 1193 1008 1270 secus
1030 1197 1135 1294 super
1158 1199 1226 1289 hijs
1248 1209 1271 1276 a
1292 1224 1382 1300 quo.

88 1314 196 1391 quam
222 1293 348 1389 queuis
373 1287 589 1363 auctoritate
611 1284 763 1359 scienter
787 1290 845 1360 uel
876 1291 1086 1385 ignoranter
1110 1296 1306 1390 contigerit
1326 1315 1381 1372 ut·

85 1387 273 1482 temptari.
320 1384 415 1456 Nulli
440 1399 531 1472 ergo
556 1379 705 1451 omniuo
729 1381 917 1453 hominum
949 1384 1056 1458 licent
1089 1389 1181 1459 lianc
1204 1389 1380 1484 paginam

84 1481 202 1554 uestre
223 1475 455 1552 absolutionis
483 1472 677 1544 uoluntatis
703 1474 967 1548 constitutionis
997 1479 1140 1550 unionis
1163 1485 1380 1558 annexionis

83 1568 387 1667 incorporationis
410 1565 530 1658 statuti
556 1564 791 1638 ordinationis
815 1585 854 1641 et
878 1569 1013 1644 decreti
1038 1571 1235 1667 insrinpere.
1261 1579 1318 1649 uel
1342 1581 1378 1650 ei

83 1666 167 1742 ausu
192 1662 389 1737 temerario
412 1659 602 1734 contraire.
650 1657 766 1766 siquis
794 1676 916 1734 autem
949 1661 1019 1736 hoc
1049 1683 1271 1758 attemptare
1294 1690 1377 1761 pre.

81 1755 271 1852 sumpserit
292 1751 582 1852 indignationem
608 1753 869 1846 omnipotentis
893 1755 964 1828 Dei
995 1777 1038 1831 ac
1061 1757 1251 1832 beaturuni
1278 1762 1375 1836 Petri

81 1871 120 1926 et
131 1850 228 1926 Pauli
245 1849 501 1943 Apostolorum
525 1847 605 1919 eius
626 1844 661 1920 se
676 1847 818 1919 nouerit
830 1849 1061 1922 incursurum.
1085 1851 1220 1924 Datum
1236 1855 1373 1931 ROME

79 1947 179 2042 apud
202 1948 371 2015 sanctum
394 1959 533 2032 petrum
559 1945 671 2014 Anno
695 1939 955 2014 incarnationis
978 1941 1160 2018 dominice
1184 1948 1373 2025 liillelimo

79 2035 433 2135 quadringentesimo
458 2031 692 2131 nonagesimo
715 2031 825 2107 tertio
857 2033 921 2109 ld:
945 2035 1114 2112 Octobris
1137 2039 1371 2117 pontificatus

76 2131 189 2207 nostri
212 2133 326 2209 Anno
349 2126 525 2201 Secundo.
1257 2224 1259 2230 Ι

1110 2231 1133 2294 Ρ
1156 2231 1265 2298 Tuan
1289 2233 1323 2306 S.

75 2397 657 2498 Num.CCCLXXX111.
718 2405 856 2514 Alia,
882 2438 970 2526 qnia
1000 2403 1124 2525 Papa
1154 2413 1366 2504 Abbates

101 2517 626 2621 Benedietobiiraniini,
663 2538 719 2602 et
741 2519 1074 2604 Andecensem
1106 2525 1339 2632 praefatae

159 2661 346 2716 caussae
365 2631 701 2714 commissarios
720 2631 976 2716 constituit.
1003 2629 1147 2715 Anno
1169 2661 1284 2745 1493.

161 2773 421 2850 LEXANDER
449 2771 638 2866 episcopus
662 2768 783 2844 servus
807 2769 989 2846 seruorum
1014 2772 1085 2845 Dei
1107 2773 1257 2849 Dilectis
1281 2777 1360 2854 siliis

182 2869 221 2940 in
244 2869 380 2943 Peureii
405 2885 444 2940 et
471 2866 599 2938 Montis
624 2863 734 2938 sancti
757 2865 795 2937 iu
822 2868 956 2938 Anilex
978 2869 1271 2942 monasteriorum
1286 2876 1362 2948 Ab·

68 2965 214 3039 batibus
237 2980 280 3036 ac
303 2960 486 3055 Preposito
511 2957 657 3032 ecclesie
680 2955 719 3030 iu
745 2955 972 3032 HEUBACH
989 2955 1220 3054 Augustensi's
1242 2965 1362 3040 ilioce·

66 3058 110 3132 fis
134 3057 355 3132 salutemet
379 3054 611 3147 apostolicam
629 3050 930 3125 benedictionem
955 3051 1063 3124 bodie
1087 3071 1109 3127 a
1133 3055 1238 3129 nobis
1264 3078 1362 3134 ema·

66 3169 199 3225 narunt
233 3151 355 3222 littere
392 3145 531 3219 tenoris
562 3141 805 3237 subsequentis
837 3145 1136 3222 ALEXANDER
1168 3148 1359 3244 episcopus

65 3245 188 3322 serviis
213 3239 393 3314 seruorum
419 3239 477 3312 dei
509 3238 554 3312 ad
585 3255 804 3332 perpetuam
830 3237 881 3310 rei
906 3239 1119 3312 memoriam
1144 3243 1358 3334 Apostolice

66 3338 160 3414 sedis
187 3334 390 3430 benignitas
418 3331 537 3438 Castro
553 3334 714 3407 deviabo
728 3334 932 3406 invii-urim
951 3343 992 3406 vn
1004 3331 1110 3406 Brulla
1119 3340 1358 3430 praecidania

65 3435 146 3512 Quo
177 3428 271 3503 circa
287 3424 491 3502 discretioni
516 3425 629 3498 uestre
659 3443 727 3519 per
760 3443 780 3497 a
811 3424 956 3499 ostolica
985 3424 1115 3520 scripta
1144 3428 1358 3506 mandamus

65 3525 235 3620 quatinus
259 3543 325 3593 uos
343 3522 400 3593 uel
424 3520 497 3591 duo
521 3533 584 3592 aut
608 3518 708 3591 Unus
731 3445 886 3590 nestum
909 3539 976 3613 per
1000 3539 1065 3590 uos
1090 3519 1147 3592 uel
1172 3523 1280 3596 alium
1296 3523 1357 3598 seii

63 3620 152 3695 alios
177 3613 315 3691 nostras
337 3610 550 3704 preiusertaa
573 3631 616 3684 ac
638 3609 918 3684 lNNOCENTsl
942 3609 1191 3706 predecessoris
1216 3616 1355 3696 litteras

63 3712 250 3818 predictas
271 3729 315 3783 uc
339 3705 524 3814 omniaet
549 3705 684 3800 singula
715 3703 829 3776 ineis
859 3722 1040 3812 contenta·
1057 3703 1116 3778 ubi
1143 3723 1181 3778 et
1206 3713 1352 3801 quando

64 3797 1352 3997 {stillis²3iss{statimiussitlillibitanae

8 4071 9 4078 Ν
62 3991 121 4064 uel
141 3990 293 4064 alicuius
316 4007 441 4060 corum
471 3981 610 4057 sueriiis
634 3983 669 4056 sn
700 4004 738 4055 ei
763 3981 833 4057 hoc
855 3983 1011 4079 requisiti
1035 3983 1242 4060 solemniter
1262 3992 1352 4082 pub-

62 4085 275 4163 branteniis
298 4079 410 4156 eisin
433 4073 604 4174 premissis
629 4101 649 4152 e
665 4080 781 4244 Xcacis
806 4073 1017 4152 desertionis
1031 4078 1186 4174 presidio
1201 4077 1349 4158 assisten-

706 4189 799 4242 xxx
1246 4193 1302 4248 tes
