3298 4738
506 468 724 562 Ecclesiae
751 470 797 558 ad
826 465 882 557 D.
912 469 1134 612 Virginem.
1386 475 1466 584 2⁶9

170 689 521 787 Numccxv,
550 690 852 782 Confirmatio
873 689 1152 808 episcopalis
1173 685 1340 806 Mill'ac
1361 723 1460 812 per.

222 851 396 947 petuae
425 864 451 918 a
464 827 706 919 Fratribus
724 825 938 915 Ducibus
958 821 1189 914 Bavariae
1208 827 1407 918 adaram
1598 839 1601 856 '

385 965 436 1056 S.
465 962 633 1056 Crucis
660 961 896 1052 fundatae.
952 963 1094 1050 Anno
1129 966 1248 1078 1436.

209 1170 443 1253 OHANNES
467 1171 657 1249 Tolum,
689 1171 918 1246 decretorum
949 1163 1087 1242 Doctor
1114 1168 1316 1244 canonicus
1341 1171 1479 1248 licois-¹

230 1293 278 1368 fie
313 1291 594 1388 Reverendique
624 1289 664 1365 in
694 1286 834 1365 Chtisso
865 1285 978 1363 Patris
1009 1285 1082 1360 lini
1113 1285 1188 1360 Dni
1218 1285 1463 1366 NlCODElll

119 1451 121 1456 ,
167 1409 342 1508 Episcopi
387 1406 600 1504 lrilrngenbs
638 1409 678 1482 in
702 1403 955 1504 spiritualibus
989 1403 1143 1479 vicarius
1167 1405 1349 1500 generalia
1383 1409 1462 1486 uni·

166 1529 277 1605 verlls
300 1549 338 1604 et
360 1529 507 1628 lingniis
532 1525 658 1624 cirilli
683 1524 849 1600 fidelibus
873 1520 1099 1621 presentibus
1123 1537 1162 1596 et
1185 1521 1326 1599 futuris·
1367 1529 1465 1604 salo-

165 1661 243 1721 tem
279 1647 320 1723 in
342 1647 507 1722 Domino
529 1645 798 1742 sempiternam
822 1642 883 1718 Ad
914 1655 1133 1738 perpetuam
1164 1640 1216 1714 rei
1250 1646 1465 1724 memoriam

168 1764 209 1840 in
232 1765 302 1839 biis
326 1785 399 1860 que
421 1768 623 1842 animarum
641 1765 801 1840 Salutem
825 1779 864 1836 et
887 1760 1001 1834 divini
1025 1759 1141 1834 cultus
1163 1756 1356 1856 respiciunt
1376 1783 1466 1866 aog-

169 1897 337 1958 mentum
361 1899 400 1958 et
423 1902 469 1960 ea
491 1903 641 1980 perque
653 1903 758 1958 mens
778 1880 999 1956 devotorum
1023 1877 1249 1952 dilatatorat
1263 1879 1466 1959 animarum

169 2002 285 2075 Saluti
308 2001 519 2077 subvenitur
543 1999 671 2074 lavore
694 1999 859 2098 benigno
882 1993 1134 2096 prosequimur
1157 2015 1194 2070 et
1209 1999 1468 2078 ratihabitione

170 2136 355 2218 perpetua
387 2117 560 2196 libentius
594 2117 850 2194 confirmamus
875 2119 927 2192 Ea
956 2130 1110 2210 propter
1141 2109 1278 2190 millum
1301 2119 1469 2198 cottidia-

16 2257 18 2340 ζ
170 2259 257 2313 nam
293 2237 418 2314 altaris
452 2243 535 2310 sete
558 2237 681 2311 crocis
714 2237 754 2312 in
786 2233 900 2312 choro
931 2233 1147 2333 parochialia
1178 2237 1325 2312 ecclelia
1361 2237 1470 2319 betta

16 2345 18 2480 ἰ
171 2355 330 2432 MARlE
356 2353 523 2452 Virginis
547 2354 661 2451 Opidi
693 2351 917 2432 monacenlis
949 2374 1016 2448 per
1039 2352 1189 2426 illustres
1222 2353 1406 2453 principer
1429 2377 1469 2437 et

16 2487 17 2500 ¹
172 2475 278 2549 Dnos
305 2472 407 2547 Dnos
429 2471 731 2549 STEPHANUM
757 2471 1018 2550 lilonicum
1053 2486 1093 2545 et
1115 2471 1359 2570 Jonnnuu
1397 2476 1469 2557 fra·

172 2607 248 2668 tres
271 2589 341 2667 fel:
364 2592 513 2668 record:
539 2611 581 2668 ae
596 2590 857 2666 nautarum
874 2605 912 2665 et
926 2589 1023 2664 bone
1037 2592 1236 2666 memoriae
1253 2591 1470 2676 WllllliL·

175 2711 294 2787 Mum
335 2749 385 2767 -
407 2746 457 2767 -
477 2751 526 2768 -
559 2707 691 2786 iratres
725 2707 889 2784 Comiter
926 2708 1110 2804 palatinos
1147 2709 1239 2800 chj
1274 2711 1470 2814 Docesque

172 2829 347 2906 Bavarine
379 2829 595 2904 mtilicatam
629 2844 667 2903 et
690 2825 871 2904 firmatam
896 2841 934 2901 ct
958 2847 1025 2924 per
1048 2821 1382 2907 KATHERlNAM
1406 2840 1471 2912 so.

172 2967 304 3024 rorem.
328 2965 372 3024 ac
393 2945 613 3045 genitricem
637 2965 767 3022 eorum
790 2945 853 3041 pie
877 2948 1028 3025 recordt
1059 2946 1224 3023 dotatam
1248 2967 1408 3028 creatam
1431 2972 1471 3032 et

173 3069 377 3143 ordinatam
410 3069 459 3141 de
490 3082 531 3139 et
562 3063 670 3160 super
691 3065 895 3139 redditibus
918 3065 1160 3162 proventibus
1182 3085 1222 3142 et
1246 3069 1472 3152 obventione
1500 3085 1502 3098 '

171 3184 414 3284 qoadmgmta
437 3179 656 3258 florenorum
688 3203 823 3282 unger:
860 3182 922 3260 seo
943 3184 1160 3262 ducatorum
1183 3204 1249 3261 snt
1271 3195 1472 3268 eorundem

173 3325 263 3385 aeto
294 3304 421 3378 valore
453 3299 493 3374 in
522 3319 561 3374 et
595 3323 644 3375 ex
666 3299 859 3378 Tbeloneo
889 3301 1021 3396 majori
1054 3307 1156 3403 opidi
1181 3309 1402 3382 monacenlis
1423 3313 1472 3386 sd

16 3467 17 3488 ι
172 3420 406 3520 supradictos
430 3419 523 3492 dnos
546 3419 667 3494 duces
693 3433 732 3494 et
757 3441 883 3499 corona
908 3420 1119 3500 looceliores
1142 3424 1329 3522 spectante
1342 3444 1474 3525 erper-

173 3543 318 3618 tinente
342 3533 550 3612 cedentium
575 3555 613 3613 et
634 3537 933 3638 provenientium
956 3543 1061 3618 iuxta
1079 3559 1246 3620 tenorem
1260 3561 1299 3621 et
1318 3544 1473 3626 formam

16 3735 17 3740 r
173 3659 377 3734 literarum
400 3673 469 3749 per
492 3657 643 3731 eosdem
666 3657 817 3734 illustras
842 3660 1027 3758 principes
1051 3677 1090 3737 et
1113 3667 1281 3739 sororem
1305 3682 1347 3739 ac
1371 3671 1475 3761 geni·

16 3847 18 3886 ³
173 3776 305 3853 ttioem
341 3793 468 3849 eorum
492 3775 745 3869 supradictam
778 3775 918 3853 miffom
941 3782 1138 3858 tenendam
1165 3802 1201 3860 et
1224 3787 1476 3864 celebrandam

174 3893 424 3973 coniectorum
458 3906 500 3964 et
532 3913 655 3968 coram
678 3893 784 3969 nobis
809 3916 853 3972 ac
876 3897 1030 3973 Notario
1066 3901 1214 3996 publico
1249 3899 1476 4002 infrascripto

142 4027 148 4036 ’
173 4015 339 4112 integras
363 4022 404 4082 et
423 4007 540 4084 ilielas
564 4030 639 4086 non
653 4011 811 4119 *vitiatas
836 4035 905 4090 nec
930 4015 968 4090 in
992 4016 1115 4113 abque
1136 4017 1187 4094 ini
1211 4038 1318 4118 parte
1340 4022 1478 4121 soiper-

178 4149 234 4208 tas
258 4130 518 4226 productorum
542 4145 581 4206 et
604 4125 849 4210 exhibitarum
871 4155 920 4210 ex
943 4154 1045 4212 certa
1066 4135 1219 4215 scientia
1242 4155 1371 4216 tenore
1397 4168 1474 4240 prc-

1278 4259 1431 4338 aennon
