3242 4760
178 434 234 524 54
464 398 725 490 Continuatio
754 395 1113 486 Monumentomm

174 628 313 720 Num.
338 617 447 712 CV.
510 615 641 734 Papa
676 612 953 707 Bonisacius
991 621 1052 708 ad
1088 621 1347 709 instantiam
1374 624 1473 712 Du-

176 795 285 855 cum
313 755 547 847 Bavariae
575 758 807 874 praecipit
832 758 1122 876 specialiter,
1153 760 1364 878 quotidie
1387 793 1471 881 per

256 925 420 988 eorum
457 913 605 981 terras
642 892 827 1006 signum
864 893 966 977 dari
997 925 1084 1008 pro
1111 897 1392 983 salutatione

537 1026 767 1142 angelica.
824 1026 1118 1142 Ann0139o.

248 1218 506 1303 ONlFAClUS
531 1215 733 1316 Episcopus
766 1223 899 1296 Servus
923 1219 1117 1296 Servorum
1142 1221 1215 1296 Dei
1247 1225 1293 1299 ad
1317 1222 1474 1300 suturam

261 1343 313 1419 rei
339 1341 567 1416 memoriam.
615 1341 678 1416 Ad
692 1339 729 1412 id
745 1339 976 1435 permaxime
991 1342 1108 1417 nostra
1124 1341 1282 1418 versatur
1305 1343 1476 1432 intentio,
1504 1411 1507 1418 .

173 1487 214 1541 ut
244 1462 361 1539 chrilli
394 1461 520 1534 fideles
553 1455 600 1533 ad
635 1455 812 1550 majorem
845 1460 1086 1535 devotionem
1116 1481 1157 1536 et
1189 1459 1477 1559 frequentiorem

175 1580 464 1658 venerationem
487 1577 650 1675 precelse
674 1577 734 1651 dei
758 1578 947 1673 genitricis
972 1579 1129 1678 Virginis
1154 1583 1292 1668 Marie,
1316 1604 1389 1680 que
1414 1605 1477 1656 ve·

174 1704 228 1778 lut
252 1719 382 1776 aurora
406 1701 625 1804 conlurgens
648 1697 773 1830 pulcra
797 1712 836 1770 ut
861 1696 972 1776 luna,
1008 1698 1127 1775 electa
1159 1718 1200 1774 ut
1231 1701 1282 1777 sol
1305 1700 1478 1777 terribilis

176 1838 217 1897 ut
241 1824 444 1896 Castrorum
469 1818 565 1892 acies
590 1818 782 1903 ordinata,
807 1836 933 1890 verum
959 1817 1082 1891 Solem
1105 1817 1244 1910 jullicie
1268 1824 1478 1918 redempto·

174 1963 254 2016 rem
278 1939 436 2013 nostrum
463 1936 663 2013 Dominum
686 1932 814 2035 Jelunr
839 1935 1030 2024 christum,
1062 1939 1126 2034 qni
1154 1939 1374 2014 illuminavit
1403 1941 1479 2016 abs·

175 2059 563 2136 canditatenebrarum
588 2054 626 2130 in
652 2059 789 2130 mundo
814 2057 975 2152 peccatis
1000 2058 1192 2133 tenebroso
1216 2059 1339 2153 spiritu
1355 2061 1478 2136 sancto

80 2223 82 2232 =
173 2190 401 2273 'cooperante
424 2178 600 2274 produxit
624 2197 663 2249 et
687 2196 767 2250 orat
792 2195 860 2271 pro
885 2177 1048 2272 populo,
1072 2177 1271 2252 interuenit
1287 2201 1356 2274 pro
1368 2182 1481 2267 clero,

178 2320 221 2377 ao
244 2299 439 2374 intercedit
463 2317 531 2391 pro
556 2297 695 2372 devoto
720 2293 882 2371 femineo
906 2300 1026 2383 aexu,
1061 2318 1127 2372 nec
1151 2300 1201 2370 est
1225 2295 1298 2370 visa
1322 2299 1479 2394 primam

177 2421 351 2504 similem,
383 2437 453 2491 nec
484 2415 617 2492 habere
649 2415 861 2514 sequentem
886 2417 1005 2490 modis
1030 2415 1184 2490 honestis
1208 2433 1247 2492 et
1271 2419 1483 2516 Congruen-

178 2540 275 2615 ribus
300 2536 530 2623 excitemus,
558 2552 599 2608 ut
623 2535 758 2608 exinde
783 2535 908 2609 fideles
932 2537 997 2631 ipfi
1021 2536 1222 2612 devotione
1245 2555 1284 2610 et
1307 2538 1482 2613 orationi-

180 2660 246 2732 bus
271 2655 427 2751 propriis
463 2669 502 2727 et
530 2653 638 2748 ipfius
672 2652 779 2726 beate
809 2651 976 2751 Virginis
1009 2651 1319 2730 intercellionibus
1343 2657 1482 2750 adjuti,

180 2771 526 2870 nostrisqueinducti
541 2771 823 2847 excitationibus
839 2770 1035 2850 reddantur
1045 2773 1169 2849 divine
1177 2776 1296 2873 gratie
1309 2779 1484 2874 aptiores.

180 2901 275 2970 sane
309 2913 378 2989 pro
410 2909 515 2990 parte
548 2894 763 2968 dilectorum
796 2892 951 2967 liliorum
983 2891 1163 2967 nobilium
1192 2893 1354 2970 virorum
1379 2897 1483 2972 STE-

183 3012 332 3090 PHANl
359 3028 398 3084 et
424 3010 660 3086 l'lllDElllcs
692 3013 824 3086 (lucum
858 3011 1008 3085 Bavarie
1041 3015 1148 3088 nobis
1178 3015 1249 3091 luit
1272 3034 1484 3092 reverenter

182 3131 412 3230 expositum,
436 3129 534 3224 quod
559 3147 634 3202 tan
658 3128 723 3225 ipss
748 3149 857 3226 quam
882 3125 958 3203 l'ere
982 3153 1110 3207 omnes
1137 3131 1256 3205 lncole
1280 3133 1399 3228 patrie
1420 3138 1484 3211 Ba·

185 3254 285 3326 uarie
310 3251 533 3346 singulariter
560 3243 747 3326 affectunt,
773 3251 871 3344 quod
896 3251 934 3321 in
960 3249 1182 3343 quibuslibet
1207 3253 1360 3328 ecclesiis
1385 3257 1485 3330 dicte

186 3371 307 3470 patrie
337 3366 396 3440 seu
424 3367 694 3462 campanilibus
719 3383 845 3440 earum
871 3370 1099 3465 temporibus
1123 3375 1313 3469 perpetuis
1336 3374 1485 3470 fingulis

185 3489 316 3564 tlrcbus
341 3505 450 3582 prout
486 3487 522 3559 in
556 3487 650 3561 alma
682 3485 781 3561 Urbe
811 3507 850 3563 et
880 3489 1062 3562 nonnullis
1092 3491 1171 3563 aliis
1197 3493 1298 3566 ltalie
1321 3494 1486 3587 partibus

151 3591 166 3624 '
187 3609 237 3684 cll
263 3607 340 3680 lieri
366 3603 594 3686 consuetum,
620 3627 702 3680 cunr
727 3609 763 3682 in
790 3611 918 3681 eadem
935 3605 1053 3702 patria
1071 3607 1152 3682 talis
1168 3609 1389 3687 cousuetudo
1410 3635 1485 3690 non

188 3735 362 3812 servetur,
387 3729 573 3822 Campana
598 3730 764 3820 proAve
789 3723 903 3800 Maria
929 3722 1089 3820 pulsetur
1111 3727 1148 3799 in
1172 3745 1314 3805 aurora.
1362 3732 1485 3806 Quare

188 3871 255 3947 pro
280 3863 384 3940 parte
408 3847 589 3918 <lictorum
615 3845 756 3918 Ducum
782 3845 887 3918 nobis
911 3841 979 3916 l'uit
1008 3844 1192 3920 humiliter
1216 3849 1483 3960 supplicatum⁹

189 3987 228 4044 ut
259 3966 356 4061 qnod
385 3963 421 4037 iu
454 3961 593 4054 ejstlem
627 3963 781 4037 ecclesiis
812 3961 871 4036 seu
895 3963 1160 4060 campanilibus
1184 3968 1309 4042 diebus
1334 3987 1372 4041 et
1396 3971 1486 4050 liora

190 4082 363 4187 predictis
392 4081 598 4175 hujusmodi
631 4084 819 4182 Campana
848 4103 918 4178 pru
950 4085 1037 4160 Ave
1063 4085 1177 4162 Marie
1200 4084 1330 4182 pulsari
1351 4088 1482 4165 debeat

1372 4208 1438 4284 lla·
