3302 4740
476 450 690 579 Ecclesiae
720 451 767 534 ad
794 448 849 534 D.
885 449 1101 559 Virginem.
1357 479 1436 570 383

139 686 268 779 scripto
292 681 401 755 robur
424 673 582 752 habeant
606 687 787 772 perpetue
810 671 989 748 firmitatis
1026 672 1066 746 sn
1091 693 1245 769 qrrorurn
1270 682 1436 755 omniurn

138 827 176 878 et
210 804 428 894 singulorum
464 798 571 871 snscnr
610 812 647 867 cc
684 793 928 864 testimonium
964 787 1212 888 premissorum
1249 799 1436 890 presentes

136 924 274 997 nostras
299 914 580 994 consinnnriouis
606 909 745 983 litteras
769 910 883 1004 Sigissi
906 910 1014 982 nostri
1040 907 1196 984 iuffimus
1220 929 1258 988 et
1281 913 1434 989 fecimus

135 1041 354 1134 appensione
378 1032 624 1110 communiri)
660 1033 792 1104 Datum
818 1047 856 1104 et
879 1045 1001 1104 actum
1028 1031 1229 1106 MONACs
1252 1032 1311 1105 die
1339 1053 1430 1108 rner-

133 1161 181 1232 tis
208 1159 373 1231 vicesnna
409 1157 507 1226 sexta
544 1149 672 1224 mensus
707 1147 878 1223 februarii
911 1151 1026 1224 Aurio
1059 1149 1211 1225 Domini
1242 1152 1431 1228 millesimo

133 1274 490 1374 quadringentesimo
515 1268 817 1368 quinquagesimo.

133 1521 269 1607 Num.
287 1519 559 1609 CCLer.
614 1516 944 1629 Indulgentiae
970 1520 1030 1603 ad
1057 1523 1201 1608 altare
1230 1520 1279 1608 S.
1296 1513 1427 1602 Eras-

271 1660 335 1740 mi
358 1658 411 1740 E.
432 1655 504 1741 M.
534 1661 580 1738 in
609 1654 825 1736 Ecclesia·
849 1653 908 1735 D.
926 1650 988 1740 V.
1016 1687 1280 1744 concessae.

639 1788 782 1872 Anno
810 1815 926 1897 1451.

222 1993 427 2068 [COLAUS
452 1988 686 2066 miseracione
720 1989 844 2064 diuina
877 1987 982 2063 tituso
1015 1989 1125 2066 sancti
1148 1994 1244 2068 Petri
1268 1995 1316 2069 ad
1341 1995 1429 2073 Vin·

242 2114 343 2198 cul-a,
381 2111 610 2186 sacrosancte
634 2111 799 2181 Romane
822 2106 970 2179 ecclefie
1004 2107 1184 2202 presbiter
1207 2115 1429 2201 carduelis,

131 2230 344 2324 Apostolice
368 2233 460 2304 sedis
485 2251 551 2323 per
574 2225 807 2300 Alamaniarn
833 2228 988 2317 legatus,
1017 2227 1196 2298 Vniuersrs
1222 2247 1259 2300 et
1282 2229 1430 2324 singuiis

7 2349 8 2356 ’
131 2345 262 2420 eluisti
290 2345 467 2436 fidelibus,
491 2345 640 2420 salutern
659 2342 697 2414 in
712 2339 863 2410 donnino
881 2339 1150 2435 sempiternum,
1172 2347 1349 2440 Splendor
1364 2365 1429 2440 pa-

131 2481 235 2540 terne
259 2465 371 2557 glorie
397 2468 457 2559 qui
483 2466 542 2537 sna
567 2461 742 2536 mundum
766 2458 943 2532 illuminat
969 2459 1143 2538 ineis-ubils
1165 2464 1339 2549 claritate,
1364 2465 1429 2559 pia

130 2604 219 2658 vota
243 2583 417 2667 fidelium,
441 2585 486 2655 de
510 2581 617 2676 ipsius
642 2575 911 2652 clementissime
926 2581 1111 2654 maiestate
1128 2599 1165 2654 et
1184 2582 1427 2655 misericordia

129 2701 380 2793 sperassemus,
414 2716 501 2772 tunc
535 2698 709 2790 precipue
740 2696 900 2786 benigno
928 2695 1055 2772 fauore
1078 2698 1316 2795 prosequitur,
1342 2717 1427 2772 cum

128 2821 265 2893 deuota
289 2817 448 2911 ipsorum
471 2804 902 2889 lnumisites.'sanctorum
928 2815 1090 2906 putribus
1112 2834 1149 2890 et
1169 2817 1304 2890 meritis
1332 2817 1425 2889 inni-

130 2956 251 3019 tatur,
278 2935 474 3027 Cupientes
499 2932 632 3027 igitur,
669 2947 709 3003 nt
739 2934 869 3005 Altnre
901 2929 1009 3006 sancti
1043 2935 1174 3008 Erasrni
1212 2938 1248 3008 in
1278 2935 1425 3008 ecclesia

128 3053 328 3151 parochiali
369 3053 475 3124 beate
513 3045 627 3120 niune
665 3047 813 3141 virginis
851 3052 888 3122 in
926 3049 1173 3127 MONACHO
1211 3051 1424 3149 frisingensis

127 3172 278 3248 diocesis
301 3171 428 3253 suurn,
465 3188 532 3259 per
564 3160 828 3258 predecessores
858 3167 1035 3242 nobilium
1060 3173 1218 3244 virorum
1243 3174 1289 3244 cie
1314 3170 1425 3242 i’UT-

125 3289 295 3366 REsCHS
321 3301 609 3380 nuncupatorum
634 3301 814 3370 erectum,
843 3287 1012 3381 congruis
1036 3289 1232 3362 honoribus
1257 3294 1424 3380 irequen-
1558 3339 1563 3352 .

126 3427 237 3493 tetur,
261 3405 455 3497 fiuelesque
479 3403 543 3495 ipsr
578 3423 623 3473 eo
646 3402 839 3488 libentius,
877 3408 1087 3480 detunciouis
1111 3409 1213 3482 ceusu
1239 3401 1422 3478 cunssuant

127 3530 173 3600 ad
203 3525 326 3608 idem,
360 3543 433 3615 quo
455 3519 546 3593 inibi
572 3521 670 3591 dono
694 3520 830 3592 celestis
854 3522 973 3618 gratie
999 3525 1140 3598 uberius
1167 3523 1421 3618 conspexerint

131 3644 165 3719 se
177 3642 346 3724 resectos,
371 3641 417 3711 de
436 3639 698 3732 omnipotentis
713 3637 772 3710 dei
791 3642 1028 3714 misericordia
1066 3665 1109 3718 nc
1123 3640 1309 3718 bentonnn
1325 3644 1421 3716 Petri

130 3785 168 3836 et
192 3761 288 3835 Pauli
323 3757 566 3852 apostolorum
602 3756 680 3828 eius
705 3759 844 3828 meritis
879 3778 917 3830 ct
941 3760 1157 3835 auctoritate
1192 3761 1336 3843 emissi,
1373 3761 1420 3832 ad

115 3882 300 3953 'deuotam
324 3874 625 3966 supplicationem
661 3871 779 3946 dilecti
817 3876 922 3948 nobis
954 3878 990 3949 in
1017 3879 1154 3952 Christo
1188 3881 1318 3954 nobilis
1351 3880 1420 3952 viri

131 3995 305 4093 Jncoal
332 3991 558 4066 PU'l'RsCHS
584 3994 630 4065 de
656 3991 1115 4084 REsCHiiRSHAUSSEN.
1140 4000 1306 4071 omuibus
1333 4021 1419 4070 vere

130 4108 378 4211 penitentibus
402 4094 627 4188 et'ennenis
663 4110 726 4208 qui
758 4111 795 4185 in
825 4113 932 4208 ipisus
964 4115 1087 4192 altaris
1118 4117 1356 4192 dedicationis
1381 4132 1418 4188 et

1248 4237 1370 4310 Patro·
