3242 4760
498 401 715 490 Ecclesiae
741 403 790 489 ad
817 400 873 490 D.
902 400 1127 512 Virginem.
1415 435 1467 520 47

106 628 248 704 celibem
294 624 418 722 ipso
463 623 539 697 deo
569 619 733 696 infirmus
766 636 807 695 ut
839 618 957 716 solpea
986 635 1025 695 et
1056 620 1190 720 absque
1223 623 1377 720 persone
1411 628 1472 704 de·

101 749 181 824 lectu
215 749 369 842 inops
423 758 478 817 ut
511 741 614 814 diuet
643 760 780 816 manna
809 738 949 813 celestio
976 741 1108 836 gratiae
1133 759 1326 838 cogeretur
1350 745 1472 823 conl'e·

99 890 235 943 cnturus
265 865 401 939 inde
454 859 483 932 li
516 861 627 953 digne
659 857 847 954 sumpserit
880 855 956 932 uite
986 855 1196 958 suffragium
1224 881 1263 937 et
1286 862 1405 940 salatia
1431 882 1472 940 ut

96 988 313 1068 dameam
369 980 531 1056 sancto
568 977 793 1052 sacramento
831 974 954 1049 ieiuna
992 976 1172 1054 subdiorit
1213 980 1314 1058 Fidei
1361 986 1473 1060 corda

96 1105 321 1203 pascuntur.
409 1100 490 1194 Hy
526 1115 679 1192 quorum
714 1093 856 1168 animas
888 1091 1006 1176 factor
1038 1098 1274 1193 omnipotens
1306 1105 1353 1177 ad
1390 1123 1473 1198 ym.

97 1221 375 1301 mortalitatis
411 1216 641 1312 ymaginem
666 1213 754 1287 ficut
781 1210 859 1306 ipse
883 1213 1100 1290 immortalis
1125 1218 1176 1291 est
1197 1235 1237 1292 et
1260 1233 1409 1295 eternur
1435 1238 1475 1297 et

101 1343 431 1420 imlicuuinem
464 1333 634 1431 puritatis
665 1349 705 1406 et
727 1331 942 1407 innocentie
973 1333 1034 1407 sue
1070 1336 1272 1412 bonessatev
1291 1359 1330 1414 et
1367 1339 1473 1414 inno·

103 1465 218 1539 centia
264 1461 451 1558 plenas
486 1474 530 1527 ac
562 1451 701 1528 sanctas
732 1451 839 1526 insint
874 1452 1053 1528 ueridicar
1087 1453 1239 1528 rationis
1274 1457 1472 1555 participet

1 1583 2 1586 ‘
106 1581 307 1677 sapientie
358 1572 525 1647 habiles
561 1569 813 1644 immaculatae
848 1587 889 1644 et
923 1569 1006 1660 piat
1045 1588 1232 1649 creauerat
1270 1596 1319 1649 ex
1355 1576 1475 1676 gratia

110 1718 224 1797 prout
259 1693 429 1772 eidem
461 1687 592 1789 sectori
624 1691 693 1765 hec
724 1687 995 1762 imminenter
1030 1705 1158 1767 natura
1182 1691 1319 1789 quique
1342 1696 1389 1769 ad
1413 1694 1475 1770 sue

118 1816 347 1894 diuinitatis
379 1809 589 1886 illuminati
612 1801 781 1882 notitiam
805 1824 845 1881 et
869 1804 1058 1883 scientiam
1083 1807 1227 1906 spiritus
1241 1813 1343 1887 uelut
1365 1812 1475 1909 ipliut

129 1938 190 2012 bei
221 1953 444 2032 capaces,
477 1927 551 2003 alio
580 1926 699 2002 abeo
723 1925 844 2002 minuo
867 1925 1012 2021 impleri
1036 1947 1112 2001 non
1134 1945 1308 2025 poterant
1330 1931 1476 2007 vniuer·

31 2122 37 2181 l
137 2055 255 2149 seque
292 2070 422 2128 erant
456 2048 628 2142 prepositi
662 2061 826 2118 creature
853 2044 901 2117 de
932 2031 1104 2118 ine'llabili
1136 2045 1284 2121 facturis
1307 2051 1476 2144 potentia

37 2183 41 2283 l
145 2173 218 2244 boc
242 2167 409 2243 salutari
435 2163 568 2261 repleri
592 2162 765 2238 libamine
788 2184 924 2236 nomen
949 2160 1241 2239 sanctificationis
1270 2168 1477 2244 collaudent

40 2286 43 2348 l
154 2289 327 2384 sientque
353 2284 500 2361 Christo
529 2278 735 2356 conformer
768 2280 809 2356 in
838 2283 901 2357 via
934 2282 994 2356 ubi
1027 2284 1181 2358 virtuter
1204 2303 1384 2384 augentur
1411 2309 1478 2384 per

160 2407 426 2481 innocentiam
461 2420 500 2474 et
531 2400 786 2498 pergratiam
819 2399 970 2477 libertae
1001 2402 1139 2477 arbitrii
1173 2402 1405 2478 confirmatur
1438 2403 1479 2480 in

162 2523 307 2598 bonnm
343 2537 385 2595 et
420 2517 682 2594 conformioreo
716 2521 752 2595 in
785 2519 905 2615 patria
940 2517 1002 2594 ubi
1036 2516 1325 2617 impassibilitatis
1350 2539 1389 2596 et
1411 2522 1478 2597 im·

163 2640 411 2718 mortalitatis
450 2639 602 2736 premiis
637 2639 842 2713 induentur.
913 2641 978 2716 Aa
1015 2635 1208 2714 recolenda
1251 2640 1363 2736 igitur
1400 2657 1477 2715 tam

159 2761 325 2836 salubria
367 2779 519 2854 tamque
559 2756 679 2832 deifici
722 2755 939 2833 sacramenti
980 2755 1141 2854 precelsa
1172 2755 1311 2858 salligia
1343 2759 1480 2834 devota

161 2878 468 2954 consueratione
522 2877 692 2951 inductos
752 2875 872 2953 selicia
931 2874 1195 2952 recordatiouis
1255 2874 1479 2954 vnssaNUs

153 3000 265 3096 papi
305 2994 358 3087 vi.
392 2991 618 3090 predecessor
654 2995 774 3069 nollet
811 2995 962 3093 cupiens
1001 3000 1073 3071 lroc
1109 2995 1239 3070 celcsle
1281 2995 1476 3072 millerium

153 3117 237 3212 pie
290 3114 500 3188 deuotionis
546 3113 815 3190 reminiscentia
862 3119 1027 3189 uenerari
1073 3114 1136 3210 pie
1181 3114 1358 3190 memorie
1395 3115 1478 3191 vll·

156 3232 294 3309 BANl
334 3229 386 3320 iiij
427 3232 490 3338 qui
527 3247 602 3306 tarn
647 3231 852 3308 admirabili
890 3231 1076 3308 adorando
1110 3249 1149 3308 et
1181 3231 1366 3340 precipuis
1402 3234 1479 3342 glo·

156 3324 354 3422 rilieando
393 3325 559 3399 laudibus
598 3325 822 3399 sacramento
852 3325 1023 3402 statuerat
1061 3342 1202 3402 certum
1242 3325 1340 3402 diem
1379 3327 1479 3404 urde-

160 3446 269 3521 licet
308 3442 436 3520 leriam
475 3444 648 3522 Quintam
702 3444 783 3541 posi
815 3462 985 3519 octauam
1022 3444 1275 3541 penthecostes
1310 3450 1480 3542 proxime

161 3563 416 3660 sequentem,
469 3583 544 3655 quo
580 3580 703 3658 preter
736 3561 991 3661 quotidianam
1035 3562 1251 3640 memoriam
1287 3585 1397 3661 quam
1433 3571 1480 3645 de

166 3683 257 3780 ipso
306 3681 464 3754 iaciebat
508 3700 619 3775 prout
668 3683 756 3756 lacit
792 3681 939 3757 ecclesia
978 3679 1153 3759 solemnia
1197 3699 1236 3756 et
1279 3682 1480 3779 specialiter

168 3799 424 3876 celebraretur
478 3803 655 3876 memoria
713 3801 900 3876 attnuatim
958 3818 999 3876 et
1052 3802 1206 3879 deuote.
1242 3805 1347 3878 turbe
1393 3804 1479 3878 fide·

171 3920 294 4009 linm,
338 3934 491 4014 propter
526 3917 598 3993 boc
637 3922 685 3994 ad
723 3917 887 3994 ecclesias
922 3917 1116 3996 allectuose
1153 3937 1409 3995 concurrerent
1442 3939 1480 3996 et

174 4053 259 4112 tam
289 4035 375 4114 cleri
410 4057 521 4133 quarn
547 4038 679 4136 populi
708 4039 748 4113 in
780 4036 920 4117 cantica
950 4039 1098 4115 laudum
1126 4054 1167 4112 et
1198 4038 1320 4113 leticie
1352 4061 1481 4132 ymnos

1328 4153 1434 4233 alitat-
