3304 4734
501 447 713 536 Ecclesiae
738 447 786 532 ad
816 445 871 534 D.
900 444 1119 554 Virginem.
1368 482 1447 564 431

159 665 296 752 Num.
314 661 689 755 CCLXXXIV.
720 663 1024 751 Confirmatio
1045 665 1320 778 episcopalis
1336 665 1451 756 Mis·

296 828 370 886 sae
399 821 652 916 perpetuae
688 833 713 884 a
742 796 1054 912 Sentlingeris
1082 799 1313 886 fundatae.

639 937 782 1021 Anno
829 963 946 1049 1453.

195 1141 427 1219 OHANNES
473 1145 532 1220 dei
566 1142 685 1240 gratia
720 1141 920 1236 Episcopus
953 1143 1101 1217 ecclesie
1132 1141 1356 1241 Frilingenlls
1385 1141 1450 1218 Ad

149 1141 192 1351 J
218 1279 436 1359 perpetuam
466 1265 522 1335 rei
553 1260 765 1336 memoriam
798 1261 868 1354 piis
901 1259 1202 1356 supplicationum
1234 1260 1347 1340 votis.
1378 1257 1449 1348 hijs

153 1382 343 1478 presertim
368 1399 440 1472 qne
463 1380 579 1452 diuini
604 1384 719 1452 cultus
745 1379 997 1470 Augtnentum
1031 1379 1224 1472 respiciunt
1259 1377 1368 1452 nostri
1400 1376 1451 1450 la·

153 1499 251 1571 uotis
276 1495 468 1590 presidium
492 1495 618 1570 libenti
637 1501 760 1572 animo
774 1495 1041 1589 impertientes,
1064 1495 1199 1592 pariter
1213 1511 1251 1568 et
1265 1490 1449 1580 allenium,

152 1617 206 1690 Ea
231 1637 304 1710 que
334 1638 381 1688 ex
407 1615 538 1689 sincera
563 1615 768 1690 deuotionis
793 1615 1005 1710 cognitione
1029 1611 1124 1686 lacta
1148 1611 1227 1685 sunt
1260 1631 1298 1686 ut
1324 1612 1450 1688 votiua

153 1733 325 1806 firmitate
350 1731 551 1817 subsillant,
583 1733 741 1807 libenter
770 1753 853 1804 cum
882 1753 902 1805 a
928 1731 1030 1802 nobis
1055 1730 1193 1822 petitur
1222 1731 1339 1804 nostre
1363 1751 1449 1805 con·

151 1850 365 1924 firmationis
389 1850 590 1922 munimine
614 1847 840 1931 roboramus,
864 1845 1036 1922 Exlribita
1060 1847 1235 1941 siquidem
1260 1849 1365 1920 nobis
1385 1869 1449 1920 nu·

150 1989 219 2064 per
234 1989 301 2062 pro
317 1985 420 2063 parte
434 1966 653 2042 honorabilis
670 1983 708 2039 et
722 1963 968 2057 circumspecti
985 1963 1051 2037 viri
1067 1964 1261 2039 llAsHlll
1276 1964 1447 2038 SENTT·

149 2085 323 2155 LlNGEll
348 2087 480 2177 petitio
502 2083 727 2163 continebat,
752 2083 851 2176 quod
867 2083 1447 2157 lllATHEUSSENTTLlNGER

149 2200 256 2274 Aous
281 2200 373 2287 suus,
400 2202 580 2276 PETRUS
612 2201 849 2273 GEORGlUs
877 2217 916 2272 et
939 2197 1200 2293 Jounudas
1230 2217 1335 2296 pater
1366 2199 1446 2272 suus

151 2319 361 2404 confratres,
387 2337 428 2390 ac
452 2319 516 2389 filii
541 2320 652 2418 ipsius
674 2318 869 2390 nrn'rllul
894 2317 1249 2405 SENTTLINGER,
1279 2320 1367 2392 dum
1392 2317 1446 2390 vi·
1500 2368 1504 2376 -

148 2455 274 2509 uerent
298 2438 377 2507 zelo
403 2436 611 2513 deuotionis
635 2435 795 2523 accensi,
825 2435 1013 2530 cupientes
1036 2455 1195 2523 terrena,
1230 2436 1267 2510 in
1293 2436 1447 2524 celestia,

151 2572 190 2629 et
216 2553 436 2642 transitoria,
471 2557 508 2625 in
535 2573 661 2626 eterno
685 2555 780 2626 selici
806 2553 1259 2639 comerciocommutare,
1284 2573 1451 2627 necnon

148 2674 195 2744 de
221 2673 323 2742 bonis
349 2691 385 2741 et
411 2672 517 2744 rebus
542 2671 604 2743 srbi
628 2673 737 2745 adeo
762 2670 903 2744 collatis
928 2688 1038 2762 utque
1059 2671 1150 2743 datis
1165 2673 1346 2763 quandam
1364 2693 1445 2767 pcr-

147 2805 297 2883 petuam
323 2807 360 2858 et
384 2789 619 2864 cottidianam
645 2788 781 2862 millam
814 2791 851 2860 in
876 2788 995 2861 Alteri
1028 2789 1155 2860 decem
1188 2789 1328 2862 milium
1353 2809 1447 2863 mar·

106 2982 109 2988 A
147 2923 273 3001 tyrum
302 2911 336 2979 in
364 2927 468 3000 parte
497 2908 682 3001 posteriori
715 2907 864 2980 ecclesie
888 2905 996 2977 beate
1021 2904 1135 2980 marie
1159 2905 1305 3002 uirginis
1332 2906 1443 3002 'opidi

147 3026 369 3098 monaccnlis
393 3024 542 3111 suumn,
580 3030 627 3099 de
657 3020 820 3121 expresso
852 3023 1073 3096 honorabilis
1098 3025 1166 3096 viri
1196 3023 1442 3119 JOHANNlS

145 3161 325 3238 protunc
361 3144 508 3235 plebani
543 3143 683 3216 ibidem
715 3146 905 3214 voluntate
931 3161 968 3213 et
994 3141 1175 3214 consensu.
1212 3145 1275 3216 Aa
1298 3144 1443 3216 laudent

146 3281 185 3333 et
209 3261 362 3356 gloriam
388 3263 445 3333 dei
466 3260 743 3354 oninipotentis,
768 3259 1155 3332 commemorationem
1181 3257 1348 3352 pollionis
1373 3260 1445 3348 sue,

144 3399 188 3456 ac
214 3376 409 3452 beatilllrne
440 3378 624 3475 genitricis
655 3378 731 3450 eius
758 3377 913 3473 virginis
939 3378 1049 3448 marie
1081 3376 1271 3471 totiusque
1303 3380 1442 3452 celestis

145 3499 243 3572 curie
268 3497 538 3586 triumphantis,
561 3497 607 3568 ad
633 3497 780 3568 salutem
812 3517 850 3568 et
882 3494 1083 3568 remedium
1114 3496 1314 3568 arrinrurum
1341 3513 1442 3570 ante·

143 3615 316 3691 celsorum
342 3633 379 3684 ct
397 3611 638 3686 successorum
657 3611 798 3688 suornm
824 3613 1040 3708 presentium
1066 3631 1103 3685 et
1125 3610 1340 3699 sturnorum,
1364 3635 1440 3686 om·

142 3735 318 3826 niomquc
342 3731 501 3804 lidelinm
528 3730 778 3804 del'nnctorunr
813 3733 924 3802 ctiam
959 3748 997 3801 ut
1030 3726 1254 3824 frequentius
1289 3751 1326 3805 et
1357 3733 1438 3826 plus

143 3851 341 3924 honoribus
374 3873 396 3924 a
431 3853 554 3922 Cluilll
587 3845 749 3921 fidelibus
789 3851 950 3919 omniurn
987 3869 1129 3921 creator
1168 3869 1359 3924 vencretur
1399 3865 1438 3924 et

145 3975 222 4044 eius
248 3972 422 4040 memoria
450 3969 632 4047 salbo-ntur,
659 3987 756 4039 certa
781 3965 925 4038 scientia
950 3965 1177 4041 instituerunt
1202 3991 1239 4041 et
1263 3969 1437 4042 fundaue-

142 4111 226 4163 runt
252 4107 359 4185 prout
384 4087 450 4158 lec
474 4107 511 4160 et
533 4086 605 4160 alin
630 4087 667 4161 in
692 4087 819 4161 litteris
844 4083 1064 4160 l'mrdotionis
1089 4106 1127 4160 et
1150 4086 1349 4161 dotationis
1373 4086 1436 4159 de·

1283 4201 1388 4297 super
