3242 4760
42 412 55 420 ·
168 371 224 480 46
489 355 745 446 continuatio
772 321 1136 442 Monumentorurn

171 582 307 672 Num.
336 573 438 666 cll.
492 573 827 692 Indulgentiae
855 572 1131 690 pontificiae
1147 571 1364 664 Collatae
1381 577 1471 668 SS.

208 742 450 835 viaticum
469 737 530 826 ad
544 737 750 826 infirmos
768 734 1125 825 comitantibus.
1153 739 1296 825 Anno
1315 752 1433 854 1389.

249 993 504 1071 onllncltls
529 992 720 1089 episcopus
738 989 858 1068 seruus
883 989 1067 1066 servorum
1093 993 1152 1066 dei
1178 994 1241 1068 Ad
1259 1009 1479 1090 perpetuam
1527 1077 1529 1081 ,

270 1117 323 1192 rei
350 1112 573 1186 memoriam
633 1111 861 1186 Transrturuc
892 1115 939 1184 de
968 1116 1106 1188 mundo
1130 1115 1177 1188 ad
1198 1132 1341 1211 patrem
1367 1110 1479 1187 salua·

53 1241 56 1246 '
86 1259 96 1278 1
174 1231 385 1307 rotmundi
410 1251 516 1304 uerus
540 1231 630 1304 deus
655 1234 703 1304 de
728 1252 816 1302 ueto
840 1231 911 1303 deo
936 1251 1114 1326 perquem
1141 1233 1265 1308 omnia
1289 1229 1477 1309 factasunt

175 1371 213 1426 et
234 1351 271 1425 in
297 1372 372 1447 quo
397 1351 636 1423 terminantur
658 1349 836 1445 legalium
861 1347 1023 1422 omnium
1049 1347 1254 1425 differentie
1282 1352 1481 1427 hostiarum

174 1469 316 1547 salutari
340 1489 407 1565 per
430 1488 516 1542 eum
549 1467 737 1563 legatione
767 1466 953 1560 completa
976 1489 1044 1562 per
1068 1489 1177 1566 quam
1202 1488 1321 1544 totum
1350 1470 1482 1544 illumi·

176 1591 279 1666 nauit
309 1589 437 1662 orbem
469 1581 711 1661 ineffabilibus
742 1582 974 1657 sacramentis
1008 1587 1264 1662 miraculorum
1300 1591 1481 1686 prodigiis

175 1725 215 1783 et
237 1707 324 1782 tuba
349 1703 562 1799 coangelice
591 1703 755 1778 ueritatis
785 1703 1043 1778 comunionem
1075 1727 1185 1802 quam
1212 1704 1350 1799 ipsein
1375 1708 1480 1782 altari

176 1823 372 1900 sucerdotis
397 1820 593 1894 ministerio
617 1819 801 1896 consecrat
824 1819 874 1896 sui
899 1824 1112 1899 memoriale
1137 1846 1326 1920 perenne,
1351 1827 1481 1921 ligura·
1607 1816 1610 1828 '

177 1965 257 2019 rum
283 1957 450 2016 veterum
473 1938 708 2037 impletivum
732 1941 772 2014 in
794 1942 895 2039 puris
920 1959 960 2018 ct
982 1945 1195 2018 comunibus
1223 1945 1299 2019 uite
1324 1945 1482 2022 subllan·

176 2064 236 2138 tiis
260 2062 366 2159 panis
391 2079 428 2134 et
453 2060 529 2134 uini
554 2059 750 2134 secundum
774 2061 940 2136 ordinem
966 2083 1077 2158 quem
1101 2063 1302 2136 futurorum
1321 2062 1481 2158 prescius

177 2182 266 2252 deur
297 2177 374 2274 ipse
408 2199 476 2274 per
513 2176 562 2250 sui
598 2177 790 2253 sacerdotis
829 2178 1096 2255 Melchisedech
1127 2200 1256 2253 manus
1295 2181 1479 2255 obtulerat

177 2295 388 2369 euthatillie
419 2296 574 2370 inssituit
605 2296 868 2372 sacramentum
899 2295 987 2372 soris
1019 2298 1226 2375 sensibiliter
1250 2301 1407 2396 politum
1431 2321 1481 2374 cx

178 2415 412 2490 similitudine
430 2416 680 2511 representans
704 2438 752 2490 ert
777 2417 1001 2493 institutione
1025 2418 1228 2514 fignificant
1251 2434 1290 2492 et
1314 2441 1362 2492 ex
1385 2417 1480 2493 sanc·

176 2535 377 2610 tilicatione
400 2531 617 2608 invisibilem
640 2535 831 2607 continens
855 2540 1012 2632 gratiam
1036 2537 1258 2634 spiritualem
1281 2537 1353 2608 boc
1376 2533 1480 2613 suum

93 2710 96 2717 -
176 2651 248 2733 else
272 2672 431 2748 corputp
455 2652 510 2724 ost
529 2649 649 2726 sancte
673 2647 954 2728 consecrationis
990 2661 1175 2731 oraculum
1213 2655 1378 2731 ueritatis
1432 2696 1480 2718 -

175 2815 224 2836 -
268 2812 315 2830 ·-
338 2770 592 2868 mandansque
614 2769 653 2843 id
676 2770 714 2844 in
739 2768 793 2844 sui
818 2774 1035 2849 memoriam
1061 2775 1138 2848 lieri
1162 2772 1200 2846 iu
1225 2792 1300 2868 quo
1325 2772 1478 2850 habetur

95 2955 97 2962 ,
178 2890 454 2971 substantialiter
480 2890 623 2987 semper
655 2891 824 2986 present,
855 2893 975 2970 Quare
999 2910 1174 2990 magnum
1201 2908 1243 2965 et
1263 2891 1478 2968 admirabile

177 3016 459 3098 sacramentum,
488 3030 563 3106 quo
593 3010 852 3085 inmundorum
883 3008 1082 3104 yrcborum
1112 3008 1289 3101 spurcitiis
1320 3028 1360 3084 et
1383 3009 1478 3088 sero-

180 3136 277 3209 cium
303 3133 514 3207 thaurotum
537 3127 673 3204 seuitiis
697 3148 742 3203 ac
766 3128 1024 3204 abhominabili
1051 3129 1240 3199 brutorum
1263 3123 1477 3224 sanquinea

178 3253 277 3327 cultu
297 3249 481 3323 dominico
502 3249 705 3347 reprobatis
730 3249 945 3321 alimentum
969 3243 1107 3319 celestis
1131 3244 1248 3338 glorie
1262 3267 1395 3343 panem
1412 3267 1474 3322 an·

179 3371 344 3468 gelotum
357 3387 487 3461 corpus
507 3368 606 3442 suum
626 3365 836 3439 sumendum
854 3363 1251 3463 cibum-sanguinem
1268 3403 1314 3420 -
1331 3366 1475 3442 ratione

179 3486 488 3584 regenerationis,
522 3506 597 3583 quo
631 3485 782 3560 crimina
816 3487 933 3560 nostra
965 3485 1057 3560 lavit
1089 3484 1127 3556 in
1159 3501 1291 3578 potum
1323 3483 1477 3560 inmensi

180 3606 346 3680 beneficii
378 3602 596 3680 salutiferum
627 3601 783 3678 sructum
813 3603 968 3677 saluatur
998 3599 1075 3700 ipse
1098 3600 1246 3698 reliquit
1268 3598 1475 3696 discpulir,

181 3745 220 3798 et
244 3743 369 3798 eorum
394 3721 644 3800 successoribus
667 3722 705 3795 in
730 3739 895 3795 eternum
921 3724 1045 3796 dicens
1069 3717 1163 3794 Ecce
1190 3742 1262 3819 ego
1292 3719 1476 3794 uobiscum

182 3843 257 3916 sum
290 3840 457 3916 omnibus
489 3845 617 3915 diebus
652 3840 763 3939 nsque
794 3843 839 3914 ad
864 3837 1175 3916 consumationem
1198 3837 1323 3922 seculi,
1357 3836 1476 3912 inesti·

181 3959 356 4037 mabilem
387 3962 473 4037 iude
510 3958 677 4038 fidelibus
711 3959 922 4038 alimoniam
955 3953 1146 4035 conserens
1178 3951 1328 4052 quoad
1362 3953 1474 4147 uitam

1326 4093 1370 4149 ce
1386 4095 1411 4144 r·
