3200 4908
213 413 295 520 726
545 401 801 491 continuatio
830 399 1189 490 Monumentorum

215 627 352 718 Num.
377 617 619 716 CCCXC.
675 617 835 710 Breve
864 621 1192 740 apostolicum,
1286 649 1313 704 o
1341 649 1519 711 execu-

106 747 107 750 ‘
334 738 403 824 tio
431 735 783 854 protestationis
810 732 1105 850 Episcopalis
1133 730 1231 816 inhi
1266 751 1384 819 etur.

718 843 862 930 Anno
893 873 1011 957 1495.

481 1029 915 1124 Aunxannun
972 1034 1098 1150 rapa
1153 1033 1241 1122 vt.

215 1147 409 1338 Dilecte
432 1177 480 1253 lili
514 1179 662 1254 salutem
695 1194 733 1251 et
764 1176 998 1272 apostolicam
1022 1175 1329 1250 benedictionem.
1388 1175 1451 1251 Nu

323 1272 427 1348 nobis
451 1272 587 1366 exponi
614 1268 701 1344 lecit
733 1271 886 1345 dilectus
910 1269 1003 1343 filius
1029 1268 1160 1344 nobilis
1185 1267 1242 1340 uir
1266 1270 1417 1342 ALBER
1465 1272 1524 1345 US

218 1371 352 1442 Comes
378 1365 553 1438 Palatinus
565 1363 703 1450 Rheni,
727 1365 823 1438 altae
847 1385 883 1436 et
895 1365 1022 1437 Bassae
1049 1360 1219 1436 bauariae
1244 1361 1327 1434 Dux
1352 1365 1458 1458 quod
1479 1365 1524 1437 li-

217 1477 289 1534 cet.
303 1460 390 1531 alias
404 1455 507 1531 selic:
532 1456 730 1531 recordati:
755 1456 1078 1531 lNNOCliNTlUS
1093 1473 1190 1564 papa
1206 1455 1518 1618 Villprcdeces-

214 1575 278 1628 sor
301 1571 424 1625 noster
447 1552 484 1623 in
509 1549 618 1624 sancti
646 1550 804 1624 Vdalrici
831 1567 868 1622 et
892 1550 1013 1623 sancti
1039 1551 1174 1636 Arlach
1200 1547 1305 1621 Ecclt
1332 1569 1363 1636 Js
1384 1549 1450 1622 Au
1484 1572 1525 1622 u·

214 1646 335 1722 ssensrs
359 1663 396 1718 et
421 1643 646 1740 Frisrngenfis
670 1642 818 1716 diocelrs
839 1662 934 1736 quae
957 1643 995 1716 in
1019 1645 1109 1717 locis
1133 1641 1210 1713 eius
1232 1641 1426 1735 temporali
1453 1569 1524 1714 io-

214 1739 331 1816 minio
354 1738 524 1810 subiectis
550 1735 777 1824 consistunt,
800 1755 909 1809 unam
936 1735 1225 1831 Praepositumm
1250 1753 1289 1808 et
1314 1755 1425 1808 unum
1444 1733 1522 1808 De·

217 1847 409 1917 canatum,
439 1850 483 1906 ac
506 1830 542 1903 in
569 1829 731 1923 qualibet
752 1850 876 1904 eorum
901 1845 975 1902 tres
999 1829 1264 1916 canonicatus,
1296 1843 1335 1902 et
1357 1825 1520 1902 totidem

214 1923 422 2023 prebendas
445 1945 512 2020 pet
536 1943 676 1998 cessum
711 1924 769 1996 nel
790 1925 980 1996 decessum
1003 1940 1191 1997 conaturos
1225 1943 1272 1992 ex
1297 1921 1406 1993 certis
1430 1939 1523 1998 tunc

216 2018 402 2112 expressis
425 2017 561 2104 causis,
586 2039 689 2090 motu
714 2018 864 2110 proprio
888 2037 956 2110 per
981 2017 1058 2091 luas
1081 2015 1276 2089 extinxerit
1300 2013 1507 2108 etlnpptes

218 2112 306 2184 serit
328 2129 370 2182 ac
386 2112 575 2185 Eccleliam
589 2113 697 2184 [lente
709 2113 847 2185 Manae
863 2111 893 2180 V
900 2109 1029 2204 irginis
1041 2108 1142 2203 ‚luris
1168 2126 1379 2200 patron-:tus
1402 2109 1522 2202 ipsius

217 2203 332 2277 Ducis
348 2205 477 2298 oppidi
491 2203 713 2278 Monacenlis
739 2204 858 2277 dictae
882 2199 1095 2298 frisingenlis
1110 2202 1268 2274 Diocesrs
1284 2201 1384 2274 cuius
1404 2202 1519 2276 etiam

217 2297 257 2371 in
282 2297 546 2389 temporalibus
570 2298 739 2369 dominus
763 2295 888 2368 existit
912 2295 949 2368 iu
966 2295 1203 2402 Collegiatam
1221 2295 1414 2368 Ecclesiam
1433 2317 1520 2370 cunr

217 2388 388 2462 omnibus
423 2404 462 2460 et
486 2388 631 2485 singulis
655 2387 902 2484 colleginlibus
933 2387 1125 2485 insigniJs,
1156 2409 1198 2462 ac
1230 2409 1302 2462 una
1325 2391 1517 2494 praeposi-

76 2499 80 2506 '
218 2499 299 2557 tura
325 2481 518 2575 principali
542 2499 581 2554 et
605 2502 679 2554 uno
704 2483 894 2556 Decanatu
916 2483 1004 2556 inibi
1030 2482 1266 2576 dignitatibus
1281 2481 1520 2556 exrllentibus

217 2595 261 2650 ac
284 2576 364 2648 aliis
390 2574 452 2647 lub
476 2574 584 2648 certis
608 2573 721 2649 modo
735 2594 777 2647 ac
801 2575 917 2650 l'orma
939 2579 1096 2649 erexerit
1120 2595 1157 2648 et
1181 2571 1519 2650 irrrlituetrtncoe-
1598 2627 1599 2672 ,

216 2669 306 2740 inde
328 2687 395 2739 nos
426 2687 495 2760 per
524 2669 662 2740 litteras
686 2685 826 2739 nostras
856 2669 942 2742 dicti
969 2667 1214 2741 lNOCENTll
1241 2669 1514 2762 predecessoris
1598 2683 1599 2750 ξ

218 2761 358 2834 litteras
373 2761 617 2854 producentes
631 2781 712 2834 cum
727 2761 835 2834 certis
857 2761 1102 2834 additionibus
1115 2779 1151 2833 et
1169 2761 1433 2833 mutationibus
1455 2785 1515 2838 ua·
1598 2763 1599 2772 '

216 2855 317 2940 lere,
340 2855 562 2949 plenamque
585 2854 725 2928 roboris
748 2853 956 2928 firmitatem
989 2855 1156 2928 obtinere
1180 2852 1360 2924 uoluimos
1391 2869 1432 2925 et
1455 2857 1515 2928 de·

169 2965 176 2986 ¹
218 2946 423 3030 cernimus,
447 2967 514 3040 pro
540 2965 579 3018 ut
598 2948 635 3019 in
659 2949 810 3041 singolis
835 2965 909 3020 tam
934 2951 1041 3020 nollri
1067 2966 1174 3042 quam
1201 2945 1287 3018 dicti
1303 2943 1514 3053 praedeces-

218 3041 310 3112 soris
335 3038 465 3112 litteris
489 3039 684 3134 praedictis
708 3039 851 3133 plenius
883 3039 1107 3114 continetur:
1143 3041 1386 3114 Nihilominus
1417 3061 1512 3135 post·

217 3133 368 3203 modum
395 3153 463 3224 pro
488 3150 594 3226 parte
618 3132 836 3206 venerabilis
861 3132 991 3206 Fratris
1006 3135 1126 3208 Slel
1142 3132 1306 3226 Fp'rscopi
1332 3134 1517 3227 ltilingen·

219 3227 270 3296 sis
295 3224 399 3296 nobis
424 3226 594 3320 suggesto
619 3227 717 3318 qnnrl
743 3226 922 3297 extinctio
945 3225 1182 3319 suppressio,
1215 3227 1352 3299 erectio
1384 3244 1424 3301 et
1449 3231 1517 3304 alia

217 3318 397 3485 premissa
428 3317 465 3388 in
497 3317 756 3411 praeiudicium
789 3319 904 3411 ipsius
929 3319 1097 3416 Epilcopi
1129 3320 1309 3393 cedebant
1342 3325 1516 3419 quodque

233 3411 324 3483 itere
348 3409 557 3507 praedictae
580 3413 815 3508 surreptionis
839 3412 932 3487 vitio
956 3413 1201 3487 subiacebunt
1268 3413 1343 3486 Nos
1369 3434 1514 3489 causam

219 3523 329 3598 quam
355 3505 472 3577 dictus
498 3503 700 3600 Episcopus
724 3522 851 3580 contra
871 3507 991 3601 ipsum
1008 3509 1147 3579 Ducem
1172 3528 1283 3599 super
1306 3509 1515 3601 praemissis

219 3619 371 3672 mouere
395 3599 630 3687 intendebat,
664 3598 810 3672 Dilecto
839 3596 916 3671 filio
949 3601 1128 3694 Magistro
1151 3601 1379 3676 ANTONlO
1406 3600 1513 3678 FLO-

218 3693 304 3766 RES
329 3691 525 3786 Capeliano
550 3695 688 3776 nollro,
714 3710 752 3767 et
775 3711 960 3768 causarum
974 3693 1100 3784 Palatii
1121 3695 1323 3788 Apolloliti
1337 3695 1513 3770 Auditori

217 3789 264 3857 ad
288 3784 497 3856 instantiam
522 3783 635 3878 ipsius
659 3785 823 3880 Episcopi
848 3789 1067 3862 audiendam
1103 3789 1350 3861 commisimus
1378 3807 1417 3862 et
1443 3789 1513 3866 stne

217 3877 341 3950 debito
357 3877 620 3950 terminandam
638 3907 646 3950 ε
673 3879 733 3972 qui
759 3879 795 3952 in
820 3878 888 3952 illis
913 3882 957 3954 ad
972 3882 1157 3954 decretum
1175 3881 1356 3956 citationis
1371 3881 1416 3955 ed
1433 3903 1512 3977 par·

217 3985 274 4044 tes
298 3993 379 4042 cum
403 3969 618 4045 inhibitione
648 3991 686 4044 et
720 3974 969 4047 subcentoris
994 3974 1239 4048 licclesrallicis
1273 3973 1404 4050 dicitur
1426 3999 1510 4073 pro·

218 4063 368 4140 cessisse
391 4063 467 4140 Nos
492 4063 604 4162 igitur
627 4068 884 4144 attendentes:
907 4069 1006 4166 qnod
1029 4069 1067 4146 in
1081 4067 1257 4147 sirnilibus
1272 4069 1388 4146 causis
1408 4069 1508 4147 iuxta

1382 4177 1463 4258 sty-
