3200 4908
425 312 636 404 Ecclesiae
662 317 710 409 ad
737 315 792 408 D.
826 317 1042 432 Virginem.
1312 346 1392 430 725

100 547 132 619 ci
146 556 215 623 etc.
240 563 306 639 per
325 541 446 618 scriem
471 544 705 638 apostolicam
725 542 893 618 concessis
914 546 1129 642 illarumque
1154 544 1306 637 desuper
1328 545 1395 620 lul-

98 639 245 714 ruinatia
293 636 512 744 procellibus
556 640 603 712 ad
647 639 916 735 requisitionem
972 643 1131 714 eiulilem
1180 637 1390 712 illullrillinri

97 733 272 830 principis
297 733 505 806 rarndudum
535 732 724 806 annuimus
756 733 991 809 conlenlimus
1016 734 1252 828 etparulmus
1288 732 1392 806 Nunc

95 845 243 994 piloque
268 843 314 897 ex
326 825 430 916 super
454 823 674 901 habundanti
691 827 823 900 iterum
848 842 886 899 et
910 833 956 900 cle
980 849 1078 900 nouo
1094 828 1285 898 annuimus
1303 848 1387 898 con·

112 919 268 991 entimur
295 939 332 991 et
357 939 525 1011 paremus
551 920 723 993 Nolentes
749 939 922 1014 qnantum
949 923 985 994 in
1011 921 1115 994 nobis
1142 919 1190 990 cll
1205 920 1332 992 litteris
1353 937 1390 991 ot

96 1010 312 1107 procellibus
338 1014 580 1086 translationis
606 1013 812 1086 huiusmodi
839 1017 873 1085 in
899 1015 1021 1108 aliquo
1046 1013 1317 1098 contradicere,
1344 1015 1391 1084 rle

98 1127 171 1200 quo
196 1106 344 1198 quidem
369 1108 487 1179 nolito
512 1104 679 1178 conl'enfu
705 1129 741 1179 et
766 1108 947 1199 araricione
972 1105 1178 1179 luriusmotli
1204 1128 1269 1178 vos
1294 1102 1392 1180 idem

97 1199 246 1271 domine
271 1198 419 1272 Noraaie
451 1199 617 1305 poteritis
649 1198 792 1291 prelato
829 1194 1050 1272 illulirilliino
1083 1200 1238 1294 principi
1273 1197 1393 1272 facere

99 1295 231 1378 sulem,
262 1312 300 1362 cr
321 1289 390 1362 hoc
415 1311 529 1365 etiam
554 1292 589 1364 ei
618 1293 666 1379 (ir
692 1314 784 1384 opus
808 1293 875 1385 sit)
900 1294 1078 1366 conficere
1111 1311 1148 1364 et
1174 1294 1314 1364 tradere
1339 1292 1394 1364 iu·

99 1390 333 1460 strumentum
360 1385 542 1476 publicum
568 1385 647 1461 Qua
671 1386 844 1480 fiqoirlem
859 1387 985 1459 cenula
1010 1387 1171 1479 perlecta
1195 1405 1237 1457 ac
1259 1383 1396 1457 conlel·

97 1483 195 1552 sione
226 1497 264 1548 er
287 1477 468 1569 paritione
492 1477 700 1550 huiusmodi
732 1479 818 1550 sicut
841 1481 1065 1572 premittitur
1090 1487 1212 1550 coram
1238 1499 1296 1550 me
1322 1477 1393 1549 No·

99 1572 192 1645 tario
216 1567 307 1641 insrn
331 1570 463 1662 scripto
488 1569 586 1642 sartis
612 1571 692 1667 Ego
725 1572 822 1643 irlcm
847 1572 1015 1644 Notarius
1047 1590 1219 1665 tanquam
1249 1571 1395 1665 publica

99 1685 137 1738 et
159 1664 341 1734 autentica
374 1661 525 1755 persona
557 1663 640 1734 rice
663 1679 702 1736 et
735 1665 883 1737 nomine
916 1666 1078 1738 omniurn
1110 1685 1147 1735 ec
1177 1665 1397 1758 liupulorum

100 1778 253 1852 quorum
278 1756 445 1835 interest,
470 1756 659 1840 intererit,
683 1755 742 1827 scu
767 1753 932 1829 interelie
957 1761 1092 1852 poterit
1118 1757 1396 1850 quomodolibet

99 1851 296 1926 inlaturum
310 1845 562 1921 conlellioocm
582 1867 618 1921 et
632 1849 849 1942 paririonem
866 1851 1179 1944 protactnsadntili
1204 1852 1326 1943 recepi
1340 1869 1396 1922 ra·

100 1963 228 2035 cartauc
253 1961 290 2012 et
313 1961 482 2033 acceptas
507 1943 613 2012 lrabui
640 1944 806 2015 orranilrus
838 1944 1045 2016 melioribus
1073 1948 1181 2014 morio
1218 1944 1275 2014 uia
1300 1943 1393 2037 ,iure

98 2040 215 2112 l'ornra
241 2035 343 2106 caula
368 2050 405 2105 et
420 2033 546 2106 ordine
570 2036 700 2127 quibus
726 2039 830 2128 potui
855 2055 894 2107 ct
918 2037 1025 2108 (lebni
1039 2039 1152 2130 Super
1171 2037 1300 2128 ouibus
1317 2057 1396 2106 om·

99 2131 207 2204 nibus
232 2147 269 2200 et
295 2129 438 2220 lingulis
465 2125 636 2220 prcmillis
663 2130 854 2200 voluerunt
880 2147 952 2200 tani
968 2129 1128 2216 prelatus
1154 2125 1395 2200 illullriliimus

100 2225 271 2321 princeps
297 2240 405 2313 qnam
432 2221 588 2292 riccarius
613 2239 650 2292 et
674 2222 874 2314 capitulum
899 2223 1090 2293 memorati
1117 2242 1184 2315 per
1223 2243 1282 2292 me
1308 2242 1396 2295 eun·

102 2324 185 2393 dem
212 2315 399 2384 moranum
430 2312 614 2406 publicum
649 2334 760 2384 vnum
794 2316 852 2385 ael
877 2315 980 2407 plura
1014 2313 1091 2386 lieri
1123 2334 1160 2385 et
1185 2313 1312 2386 conlici
1339 2314 1395 2388 in·

98 2417 334 2489 strumentum
358 2404 416 2478 l'au
440 2409 673 2479 iuliromenrn
690 2411 783 2479 rlctn
798 2407 875 2479 l'unt
899 2409 965 2478 lrec
989 2408 1025 2479 in
1045 2408 1259 2482 SLIERSEE
1285 2412 1320 2479 ln
1342 2409 1394 2478 lo·

97 2532 142 2582 co
167 2502 353 2593 capitulari
380 2500 569 2593 collegiate
591 2501 735 2570 ecclelie
761 2495 900 2592 prefate
923 2500 994 2572 Sulr
1018 2519 1114 2572 anno
1138 2499 1395 2572 indicioneriie

98 2595 221 2676 menl'e
244 2615 282 2664 et
299 2593 511 2685 pontilicncn
527 2594 655 2685 uiribus
679 2591 783 2686 supra
808 2595 893 2666 hora
907 2595 1102 2687 primarum
1118 2595 1174 2664 uel
1199 2593 1294 2686 quali
1313 2611 1395 2684 pre·

99 2692 257 2769 senarias
284 2687 369 2757 inilri
396 2687 663 2759 honorabilibus
689 2686 849 2792 prouidit
873 2709 911 2757 er
933 2687 1087 2758 liunellis
1120 2685 1215 2757 Viris
1240 2685 1391 2758 domino

101 2781 359 2863 Ltallnlltro
389 2781 580 2851 llrllllAEll
619 2781 818 2870 prclpirero
851 2801 889 2850 er
919 2780 1081 2854 Paulo
1108 2778 1315 2852 liLuCliEL
1349 2797 1393 2850 ac

101 2877 280 2950 VllllCt)
306 2873 484 2944 al‘u'cltl
511 2873 648 2946 clericis
676 2872 896 2962 l'riringenlis
921 2891 958 2944 et
977 2872 1254 2965 saltzburgenlis
1271 2873 1393 2943 ploce·

97 2975 142 3046 sis
167 2969 313 3042 tellilrns
337 2967 383 3036 al
409 2963 573 3057 prenrill'a
599 2972 737 3035 vocatis
763 2965 899 3056 rogatis
925 2986 962 3037 et
987 2967 1079 3038 circa
1106 2985 1149 3036 ea
1176 2964 1393 3043 constitutis.

193 3070 234 3131 Et
260 3085 320 3144 epo
346 3063 553 3133 Jounaau's
580 3063 832 3127 Tusculanen
860 3066 992 3127 Clericus
1018 3063 1238 3145 Ratilponenlis
1266 3063 1393 3124 diocefia

240 3159 379 3218 Publicus
391 3157 468 3218 l'acra
482 3159 629 3238 imperiali
645 3159 837 3220 auctoritate.
865 3159 1009 3220 Notarius
1027 3159 1106 3231 Quia
1117 3156 1298 3218 corricllioni
1315 3176 1392 3218 con·

241 3251 379 3312 seolniet
396 3253 540 3311 Paritioni
558 3253 730 3330 suprateclia
751 3255 873 3333 aiijl'que
896 3255 1037 3312 omnibns
1058 3265 1088 3313 et
1108 3251 1230 3328 lingulis
1251 3248 1395 3329 premissie

243 3355 332 3424 alque
352 3344 383 3403 in
408 3345 567 3424 preiuserta
587 3345 699 3408 Cedula
717 3345 867 3424 Exprcri'rs
888 3357 919 3407 el
936 3347 1092 3406 corrluntie
1116 3345 1311 3424 personaliter
1326 3344 1395 3406 Vnt

241 3458 311 3498 cnm
338 3440 555 3516 prenominatis
576 3439 700 3500 testibus
722 3440 847 3500 interlui
875 3442 976 3520 anue
1012 3441 1083 3500 dum
1108 3435 1184 3498 licut
1208 3439 1394 3518 premittitur

243 3531 352 3594 fierent
373 3542 404 3593 ct
420 3545 580 3608 agerentur
600 3533 671 3595 l'itii
692 3543 722 3592 et
748 3535 849 3592 audiui
869 3537 985 3596 idcirco
1013 3534 1072 3592 hoc
1090 3531 1209 3612 presens
1241 3532 1395 3610 publicum

243 3626 476 3687 instrumentum
498 3628 619 3687 alterius
643 3645 732 3686 manu
764 3647 811 3685 mc
842 3629 908 3706 alijr
936 3637 1069 3705 ocupalo
1099 3627 1239 3704 negociis
1266 3625 1396 3685 fideliter

244 3718 384 3797 scriptum
398 3719 511 3779 exinde
525 3720 647 3779 conieci
664 3719 832 3799 subscripli,
858 3735 888 3780 ct
902 3723 932 3779 in
946 3723 1023 3781 hauc
1042 3721 1189 3798 publicam
1206 3717 1331 3777 sormam
1348 3735 1396 3777 re·

245 3814 334 3890 degi,
367 3813 525 3893 signoque
545 3824 576 3874 et
598 3815 723 3872 nomine
752 3817 826 3874 meis
853 3813 950 3875 solitis
982 3823 1013 3875 et
1040 3812 1194 3873 consuetis
1224 3810 1338 3890 stgrraui
1360 3811 1396 3870 ln

246 3906 337 3966 silem
352 3917 382 3965 et
404 3909 528 3968 euidens
541 3907 764 3971 'l'cliimonium
788 3910 926 3972 omnium
944 3920 976 3972 et
986 3907 1175 3989 lingularum
1188 3901 1399 3966 Premill'orum

247 3999 385 4079 Rogatus
398 4003 507 4084 prriter
519 4014 549 4066 et
562 3999 737 4084 aequilitur,
1193 4093 1348 4172 cccxc
