3302 4740
195 447 271 534 354
536 415 791 502 Continuatio
818 409 1179 512 Monumentorum

194 630 538 724 Numccml.
567 631 874 723 Confirmatio
895 641 1070 756 papalis
1077 639 1112 750 J
1113 647 1204 729 uris
1223 663 1493 760 patronatus

328 799 469 888 super
489 766 697 886 Capellis
715 769 804 857 SS.
820 771 1078 861 Salvatoris
1104 799 1152 865 er
1171 778 1214 866 N
1217 781 1369 869 icolai.

699 908 843 992 Anno
874 930 992 1023 1448.

291 1107 499 1183 ICOLAUS
531 1106 731 1205 Episcopus
763 1109 884 1187 seruus
905 1111 1091 1188 seruorum
1121 1111 1184 1188 dei
1215 1112 1370 1191 Dilectis
1396 1115 1501 1206 filiis,

213 1267 214 1270 κ
315 1226 539 1312 Consulibus,
566 1231 830 1318 Conmnnitati‚
854 1231 1088 1308 Vniuersrtati
1109 1232 1148 1308 'et
1167 1229 1376 1308 homiuibus
1398 1235 1501 1310 cadri

138 1427 139 1432 a
202 1344 443 1435 Monaeeniis,
467 1343 678 1445 {sinagonus
703 1351 876 1444 dyocefis,
900 1351 1060 1424 salutem
1084 1364 1123 1423 et
1141 1351 1375 1446 apostolicam
1394 1354 1505 1428 bene·
1647 1361 1648 1404 ³

202 1469 412 1548 arationem.
437 1463 534 1540 eum
559 1485 581 1540 a
605 1466 711 1540 noos
736 1470 817 1541 roeo
842 1467 901 1542 ner
922 1470 1045 1564 ponas
1065 1469 1153 1542 treet
1176 1470 1336 1569 indignis
1363 1470 1504 1568 aliquid
1646 1453 1648 1486 ¹

203 1588 334 1680 justum
359 1582 509 1679 petitur,
533 1584 716 1680 denegare
739 1605 814 1660 non
839 1586 1061 1660 intendimus
1085 1587 1364 1660 perdedemus.
1389 1588 1505 1686 Igitur
1647 1597 1648 1664 ἰ

206 1703 323 1778 vestra
347 1702 455 1775 nobis
479 1720 646 1795 porrecta
672 1703 803 1798 petitio
827 1705 1052 1789 continebat,
1075 1704 1176 1798 quod
1190 1703 1412 1777 vostatione
1426 1701 1505 1780 fun·
1647 1777 1648 1782 r

206 1821 365 1898 dationis
387 1839 427 1892 et
450 1817 689 1893 condessionis
713 1817 814 1894 fundi
851 1842 919 1917 pro
955 1820 1185 1896 edificatione
1217 1839 1256 1895 et
1279 1819 1505 1904 fundatione.

207 1939 459 2034 capellarum,
482 1933 686 2012 sanctorum
710 1939 907 2012 saluatoris
936 1957 976 2013 et
1007 1939 1150 2012 Nicolai
1175 1940 1421 2025 Monacensis,
1451 1940 1508 2014 ius
1647 1947 1648 1950 ‘

207 2058 424 2134 Patronatus
448 2053 581 2128 habere
606 2049 799 2128 noscimini.
836 2054 957 2132 Quare
981 2055 1117 2151 peristis
1142 2056 1280 2132 dietum
1304 2057 1360 2130 ius
1386 2075 1508 2151 patro·
1647 2099 1648 2134 r

209 2192 317 2253 nutus
342 2173 448 2247 nobis
473 2193 539 2267 pet
562 2171 684 2258 sedem
708 2173 941 2265 apostolicam
963 2173 1176 2248 confirmari.
1219 2177 1296 2249 Nos
1318 2176 1443 2271 igitur,
1469 2175 1509 2248 iu

211 2297 283 2370 hoc
307 2292 387 2367 casu
410 2292 509 2386 quod
531 2290 617 2363 iuris
642 2289 692 2362 est
716 2287 975 2386 prosequentes
1000 2311 1163 2366 exnunc
1182 2289 1511 2385 auetoritateapo-

213 2413 338 2487 stolida
366 2411 468 2485 nobis
492 2408 697 2507 predictum
720 2408 775 2482 ins
799 2428 1036 2504 patronatus,
1070 2411 1216 2505 srqnod
1239 2408 1382 2482 ratione
1405 2403 1509 2482 fundi
1647 2423 1648 2426 ‘

216 2532 275 2605 uel
300 2528 541 2604 edificationis
564 2525 730 2614 habetis,
763 2529 982 2602 auctoritate
1006 2528 1198 2622 apostolica
1228 2525 1510 2609 confirmamus,

216 2654 454 2728 decernentes
477 2646 618 2719 irritum
642 2662 680 2716 et
703 2646 811 2718 inane
837 2647 861 2718 fi
884 2645 984 2720 secus
1008 2646 1113 2740 supet
1140 2647 1209 2718 hiis
1231 2665 1254 2718 a
1278 2661 1510 2738 quocumque

97 2779 101 2790 “
217 2768 347 2866 quavis
361 2765 577 2839 auctoritate
599 2761 751 2838 scienter
766 2763 825 2836 uel
837 2763 1050 2862 ignoranter
1062 2763 1261 2860 contigerit
1281 2758 1510 2853 attemptari.

217 2887 303 2964 Non
327 2880 569 2970 obstantibus,
591 2882 878 2977 quibuscumque
900 2881 1128 2980 priuilegiis,
1148 2877 1405 2978 indulgentiis,
1430 2893 1516 2947 con·

220 3000 489 3089 suetudinibus,
518 3003 576 3075 uel
602 3000 739 3074 statutis
764 3001 973 3088 contrariis,
1003 2999 1208 3074 iuramento
1237 2991 1516 3072 confirmatione

220 3121 438 3216 apostolica,
478 3121 535 3194 uel
559 3138 788 3216 quacumque
811 3120 884 3194 alia
908 3118 1079 3193 firnuitate
1103 3116 1258 3191 vallatis.
1304 3111 1400 3186 Nulli
1424 3129 1516 3203 ergo

222 3239 374 3313 omnino
399 3237 587 3310 hominum
619 3240 726 3311 liceat
761 3237 854 3313 lianc
876 3239 1052 3331 paginam
1085 3235 1203 3308 nostre
1230 3226 1518 3306 confirmationis

224 3373 262 3430 et
284 3355 547 3430 constitutionis
571 3352 792 3450 infringere,
828 3357 888 3432 nel
919 3356 952 3427 ei
985 3354 1070 3428 ausu
1098 3353 1294 3426 temerario
1327 3347 1520 3422 contraire.

222 3474 258 3550 si
283 3475 363 3568 quis
388 3492 509 3548 autem
534 3473 603 3546 hoe
626 3490 849 3569 attemptare
865 3471 1118 3568 presumpserit
1134 3465 1425 3565 indignationem
1439 3475 1519 3538 orn-

223 3594 425 3689 nipoteutis
449 3592 535 3678 dei,
558 3606 597 3665 et
621 3593 811 3666 beatorum
835 3593 931 3666 Petri
955 3609 994 3664 et
1018 3591 1118 3666 Pauli
1141 3586 1403 3686 Apostolorum
1438 3580 1518 3653 eius

224 3713 260 3787 i'e
287 3711 428 3784 nouerit
452 3710 684 3785 incursurum.
730 3713 868 3788 Datum
892 3708 976 3786 Pisrs
995 3708 1134 3790 Quinto
1148 3701 1409 3803 IdusJanuatii
1430 3699 1520 3774 Pon·

227 3831 386 3906 tiiicatus
409 3827 517 3904 rrostri
540 3833 653 3906 Anno
678 3829 812 3906 Primo.

930 3943 1163 4024 Leonhardus
1187 3939 1235 4014 de
1259 3939 1430 4016 monaco.

1206 4179 1477 4262 Numcculu.
