3200 4908
125 439 208 532 7i8
464 411 720 501 continuatio
747 410 1107 504 Monumentorum

130 638 213 714 ralis
240 651 277 709 et
301 634 579 732 subtemporali
606 635 769 710 dominio
793 653 858 710 tuo
881 633 999 710 exillir
1025 631 1332 740 Praepositam„
1349 632 1430 708 De-

129 749 298 806 caiiatnm
323 751 367 802 ae
392 729 633 802 canonicatus
657 750 694 801 et
719 733 945 826 praebendas
969 742 1168 822 suppressit
1200 745 1239 798 et
1262 727 1430 801 extinxit

131 845 175 902 ac
198 827 279 896 illos
305 825 349 894 ad
377 824 621 917 parochialem
641 825 840 896 Ecclesiam
857 827 963 898 Beate
985 822 1121 894 Mariae
1139 821 1298 914 Virginis
1315 839 1430 893 sitam

133 917 170 992 iii
196 917 329 1012 insigni
356 917 496 1012 oppido
524 907 772 992 ntonncllo
800 936 1029 1012 nuncupato,
1053 914 1171 986 dietae
1188 915 1433 988 lancelistao

131 1011 324 1104 temporali
350 1009 514 1082 dominio
539 1011 700 1083 lubiecto
725 1029 762 1084 et
789 1015 912 1105 inquo
936 1029 1035 1082 taam
1051 1009 1285 1082 residentiam
1308 1011 1433 1079 lacere

131 1123 372 1178 consueueras
401 1123 495 1197 qnae
521 1107 717 1177 admodum
739 1107 919 1178 notabilis
942 1102 1099 1176 Ecclesia
1129 1103 1366 1196 reputabatur
1389 1115 1435 1174 et

134 1197 182 1273 de
206 1214 270 1268 tao
293 1193 384 1292 ‚line
410 1217 622 1290 patronatus
651 1217 730 1271 erar
764 1197 861 1271 etin
886 1217 956 1291 qua
982 1216 1080 1267 tanta
1113 1199 1335 1288 sepulturam
1357 1193 1434 1266 ele·

134 1311 240 1386 geras
266 1311 329 1380 pei
360 1292 516 1362 candem
552 1291 844 1383 predecessorem
890 1291 928 1363 in
964 1289 1203 1386 collegiatam
1237 1288 1433 1362 Ecelaliam

134 1401 294 1457 erectam
320 1402 386 1475 per
410 1382 485 1454 suas
511 1384 647 1456 litteras
670 1385 855 1458 ‘transtulit
883 1399 922 1456 et
945 1405 1018 1455 non
1042 1383 1137 1454 nulla
1162 1381 1231 1455 alia
1257 1398 1343 1454 tunc
1367 1399 1434 1451 ex·

133 1496 260 1572 pressa
286 1473 391 1562 lesit,
423 1475 542 1549 statuit
567 1495 604 1548 et
629 1478 810 1551 ordinauit
836 1494 944 1572 prout
975 1477 1011 1548 ia
1037 1474 1174 1548 eisdem
1200 1474 1328 1549 litteris
1352 1472 1435 1569 ple-

133 1571 216 1644 nius
241 1571 459 1647 continetur.
528 1573 619 1642 Cam
642 1589 764 1644 anterii
791 1590 883 1643 sient
906 1570 1070 1642 exhibita
1094 1567 1198 1641 nobis
1224 1587 1339 1670 nuper
1363 1583 1435 1658 pro

136 1682 243 1759 parte
268 1679 328 1734 rua
347 1663 478 1755 petitio
502 1665 712 1738 continebat
736 1665 772 1737 iii
789 1664 886 1738 dicta
901 1662 1052 1737 Ecclelia
1066 1661 1186 1735 Sancti
1203 1659 1340 1750 Arinen
1356 1677 1437 1730 cor-

136 1778 207 1851 pus
233 1753 395 1827 eiusdem
420 1755 540 1829 Sancti
566 1778 802 1831 conseruerat
830 1777 873 1832 nc
897 1756 1050 1852 propter
1078 1755 1299 1848 singularem
1322 1755 1439 1826 aeuo-

135 1848 246 1922 tionis
270 1843 440 1922 allectum
466 1869 577 1946 quem
601 1854 648 1926 ad
672 1854 792 1959 ipsam
819 1857 987 1925 Sanctum
1023 1849 1120 1944 geris
1152 1847 1278 1943 cupias
1302 1863 1439 1939 eorpus

137 1940 349 2015 huiusmodi
375 1963 439 2014 seu
458 1943 552 2016 illias
576 1945 747 2040 reliquias
773 1961 813 2017 ut
837 1947 943 2019 decet
967 1942 1126 2018 'aCbrissi
1140 1941 1305 2016 fidelibus
1320 1937 1440 2010 bono-

139 2036 209 2110 rari
226 2036 325 2198 qaod
343 2034 418 2108 lieri
444 2057 517 2110 nori
543 2054 666 2132 potest
690 2037 759 2112 nisi
775 2041 820 2113 ile
845 2037 907 2112 illo
931 2038 1014 2111 loco
1039 2038 1100 2130 qal
1125 2034 1249 2110 ruralis
1268 2050 1305 2106 et
1320 2029 1440 2126 qaod·

139 2147 275 2201 amolo
299 2127 461 2202 abiectas
485 2145 563 2214 est,
587 2131 633 2205 ad
647 2131 806 2226 aliquem
821 2131 1002 2230 insignem
1028 2127 1439 2228 etpopulosnmlocam

139 2217 376 2295 transferatur
400 2223 467 2296 Pro
490 2238 598 2318 parte
619 2224 672 2296 rai
696 2225 891 2298 asserentis
915 2225 1014 2320 qaod
1029 2225 1164 2298 dictura
1180 2220 1357 2316 oppidum
1384 2235 1441 2288 in·

140 2317 248 2411 signe
263 2315 460 2390 admodum
486 2332 525 2389 et
549 2318 771 2423 populosam
796 2318 925 2392 existit
947 2335 985 2391 et
999 2317 1035 2390 iii
1061 2316 1124 2408 illo
1138 2319 1341 2425 praelatam
1359 2329 1441 2383 eor·

138 2429 209 2506 pus
233 2407 255 2480 a
278 2406 437 2482 fideliam
463 2410 699 2486 multitudine
720 2411 958 2488 deuotissime
980 2409 1149 2484 honorari
1178 2426 1217 2482 et
1240 2410 1278 2482 iii
1302 2419 1441 2498 magua

138 2502 382 2576 ueneratione
404 2500 528 2576 haberi
554 2503 714 2598 poterit,
738 2507 912 2613 quodque
936 2522 1023 2577 tune
1047 2505 1144 2578 dicta
1160 2501 1311 2575 Ecolelia
1326 2498 1440 2572 lleare

138 2595 279 2670 Mariae
292 2595 415 2668 locam
429 2594 680 2671 honorabilem
695 2621 763 2693 pro
777 2601 865 2674 dicti
876 2599 1037 2695 corporis
1051 2595 1270 2691 repolirioae
1283 2611 1435 2702 praepa·

139 2707 221 2763 rare
234 2703 273 2760 et
287 2703 327 2760 at
345 2689 455 2763 decet
469 2692 884 2766 ornareiatendisnubis
898 2691 967 2764 fait
980 2690 1436 2781 humilitersapplicatam‚

139 2799 184 2855 at
206 2781 272 2855 tibi
298 2802 430 2877 corpas
453 2781 682 2876 praedictam
707 2805 770 2858 seu
793 2785 887 2860 illias
911 2786 1081 2881 reliquias
1105 2785 1153 2857 de
1167 2777 1333 2878 praefato
1353 2781 1436 2887 loeo

137 2873 178 2951 iri
201 2895 275 2970 quo
300 2895 395 2948 uano
418 2892 475 2951 est
497 2875 543 2950 ad
566 2877 701 2952 dictam
727 2877 918 2954 Ecclesiam
942 2881 1071 2953 beatae
1089 2877 1226 2952 Mariae
1250 2869 1438 2949 transferri

137 2968 228 3042 etin
253 2968 335 3042 loeo
361 2968 517 3046 lionesto
540 2970 671 3066 reponi
692 2968 848 3048 faciendi
872 2973 1056 3046 licentiam
1070 2967 1269 3044 concedere
1287 2987 1334 3041 ae
1348 2966 1440 3040 alias

138 3060 177 3136 in
202 3062 409 3156 praemissis
433 3082 617 3160 oportune
640 3066 870 3160 prouiderere
895 3069 941 3140 de
971 3064 1199 3164 benignitate
1224 3059 1439 3154 Apostolica

140 3155 382 3250 dignaremur.
426 3157 501 3248 Nos
535 3159 645 3254 igitar
680 3161 883 3232 huiusmodi
915 3159 1240 3254 supplicationibus
1273 3153 1438 3227 inclinati

141 3249 211 3322 ribi
237 3247 298 3342 qui
322 3249 434 3323 etiam
457 3251 532 3324 alte
566 3269 605 3322 et
627 3253 731 3325 basse
755 3253 903 3327 Baaarie
928 3257 1002 3327 dux
1025 3251 1153 3325 existis
1177 3268 1309 3343 corpas
1334 3265 1440 3341 prae·

144 3343 281 3416 dictum
307 3364 371 3416 seu
395 3341 510 3439 ipsius
535 3345 705 3438 reliquias
729 3365 796 3442 per
821 3346 1064 3421 uenerabilem
1097 3339 1242 3418 fratrem
1275 3359 1443 3416 nostiam

140 3438 358 3510 modernam
383 3458 448 3510 sea
473 3457 541 3531 pro
564 3453 734 3534 tempore
762 3440 976 3514 existentem
1002 3439 1218 3533 Episcopatu
1244 3435 1442 3531 Frilingen·

142 3529 218 3605 leta
243 3529 312 3602 loci
338 3529 561 3604 ordinariam
585 3550 649 3608 aar
673 3534 826 3607 dilectos
851 3534 943 3607 lilios
968 3529 1195 3608 inl’EYllN.
1220 3530 1278 3604 ael
1303 3528 1442 3604 montis

143 3621 254 3697 lancti
280 3622 318 3696 iri
334 3621 507 3698 naban
530 3627 666 3709 ordinis
690 3625 799 3700 lancti
825 3626 1008 3702 Benedicti
1034 3625 1266 3719 Augustenfis
1291 3621 1443 3696 diocelis

142 3715 441 3792 Moaasterioram
467 3716 631 3793 Abbates
660 3742 724 3794 sea
751 3723 841 3793 daos
866 3724 924 3793 uel
948 3739 1058 3792 unum
1084 3715 1242 3812 ipsoram
1265 3717 1312 3789 de
1336 3735 1444 3812 prae·

143 3813 223 3890 lato
247 3810 329 3882 loco
355 3808 415 3882 ubi
441 3831 535 3884 nunc
560 3831 616 3886 est
639 3817 685 3887 ad
711 3813 845 3888 dictam
872 3813 1062 3887 Ecclesiam
1080 3813 1187 3885 Beate
1204 3809 1342 3884 lllariae
1357 3829 1442 3884 cuin

145 3904 364 3980 solennitate
387 3922 431 3976 ac
453 3907 658 3980 reuerentia
681 3923 719 3979 et
741 3909 878 3981 honore
903 3907 1033 3980 debitis
1064 3901 1249 4002 transferri
1274 3927 1342 3976 uec
1367 3925 1443 3980 nori

143 4000 182 4074 iii
206 3999 289 4071 loco
313 3995 463 4089 bonello
486 4001 614 4092 reponi
640 3997 794 4074 faciendi
819 4001 963 4095 plenam
989 4017 1027 4073 et
1050 3999 1199 4073 liberarii
1224 3997 1444 4072 auctoritate

145 4090 342 4190 apollolica
364 4089 549 4167 licentiam
571 4091 803 4174 concedimus
826 4115 894 4191 per
915 4110 1139 4194 praesentes.
1187 4091 1272 4168 Non
1296 4091 1443 4262 oqstaa·

1295 4201 1325 4264 tl
1352 4205 1396 4260 u}
