3200 4908
166 421 247 517 728
499 391 757 480 continuatio
785 384 1144 483 sisorrunieutorum

170 647 245 704 rani
273 618 421 698 Notario
447 618 591 710 publico
623 634 659 689 et
684 615 831 688 testibus
850 613 945 712 ¹iustu
970 614 1167 689 nominetis
1192 614 1294 690 nobis
1319 619 1472 711 presen-

173 739 287 800 tatus,
324 738 388 787 „ns
415 735 495 784 cnm
521 734 564 786 ea
592 732 659 803 ipin
687 710 808 782 decuit
839 711 1060 792 reuerentia,
1096 711 1268 783 rioneritie
1291 710 1473 806 recepisse

171 835 208 888 et
232 804 443 884 intellexisse
470 807 532 876 risi
559 805 619 876 susi
646 825 773 874 tenore
798 804 843 874 ub
868 822 970 876 extra
987 799 1221 894 superscripto
1236 806 1371 880 dilecto
1392 809 1473 881 sisio

170 905 308 982 Asin-ati
341 899 538 971 sio-iusseris
565 899 603 969 sii
632 895 813 968 s'siUsssiN
840 897 976 968 ordinis
1001 895 1110 967 suncti
1137 895 1319 969 Benedicti
1338 901 1473 994 Augu·

172 999 291 1075 flffiitss
316 993 462 1064 diocesis
488 993 532 1063 ab
559 990 652 1064 intra
679 1011 784 1072 uero,
810 990 855 1062 de
880 990 993 1062 rerbo
1018 991 1062 1060 nd
1089 989 1239 1062 verbum
1255 990 1475 1158 utsetpnitut

174 1086 479 1170 AsslsrstsEss
504 1104 601 1176 papii
630 1082 692 1157 Vs.
721 1081 875 1153 dieseete
901 1081 947 1154 sisi
976 1082 1132 1156 Salutem
1167 1104 1204 1155 et
1233 1085 1474 1179 aposioicnm

174 1180 469 1259 benedictionem
507 1181 629 1270 nuper
668 1177 771 1247 uirbis
807 1183 921 1247 resero
957 1175 1080 1244 iirirnr‘o
1118 1185 1158 1246 cr
1188 1177 1259 1252 ΝΟ.
1300 1183 1463 1270 pinnati.

172 1282 304 1354 Suntne
329 1297 415 1345 vcro
439 1269 642 1341 huiusmodi
670 1271 778 1340 breue
805 1265 1037 1357 subscriptum
1068 1286 1145 1340 erut
1169 1269 1205 1339 B.
1233 1269 1475 1347 u‘LortiDUs

171 1373 251 1470 piiss
278 1386 427 1462 qiinrum
454 1364 601 1457 quidem
630 1362 828 1434 litterarum
861 1359 1133 1452 upos'ansirutum
1164 1359 1474 1455 presentationem

172 1483 211 1538 et
236 1458 484 1552 receptionem
510 1455 614 1526 nobis
639 1475 676 1526 et
703 1474 767 1542 por
792 1475 857 1525 iios
883 1475 922 1524 ot
946 1453 1168 1543 premittitur
1187 1453 1310 1534 sectis,
1336 1455 1474 1534 suimus

174 1577 244 1654 pro
268 1570 372 1647 pnite
397 1549 526 1644 presnts
558 1545 768 1619 illustrissimi
800 1547 972 1638 principis
1003 1545 1143 1617 domini
1169 1547 1377 1620 AsssEss'sl
1405 1554 1475 1626 Ba-

175 1652 277 1724 unrie
302 1645 401 1718 ducis
432 1645 469 1714 iii
493 1639 699 1733 preins'ertis
732 1640 859 1710 sitieris
889 1637 1093 1728 nirostiilicis
1122 1639 1330 1729 specialiter
1353 1647 1476 1719 nomi-

172 1742 252 1818 nati
275 1759 318 1810 ac
349 1755 469 1809 corum
500 1733 605 1804 nobis
635 1749 721 1803 tuuc
751 1728 986 1824 personasiter
1018 1731 1199 1803 conssitoti
1234 1735 1358 1807 de'niru
1388 1761 1475 1814 cum

176 1831 346 1910 instantia
371 1826 547 1933 requisiti,
573 1843 750 1920 quatenus
775 1825 821 1896 ed
845 1823 1099 1896 executionem
1114 1825 1310 1898 earundem
1334 1831 1478 1906 sittera-

176 1922 582 2014 nordannimbrorum,
612 1937 651 1991 et
676 1933 929 1990 contentorum
953 1917 989 1987 in
1015 1915 1148 1988 eisdem
1175 1922 1397 2008 procedere,
1427 1947 1477 2000 ac

176 2018 431 2094 inhibitionem
457 2014 494 2084 iii
518 2011 653 2084 eisdem
678 2011 881 2105 preinsortis
907 2007 1035 2082 litteris
1060 2009 1261 2103 expressum
1285 2035 1365 2086 curn
1393 2039 1476 2091 om-

178 2114 284 2186 uibus
310 2110 395 2180 iude
420 2105 545 2178 secutis
569 2105 787 2178 auctoritate
819 2104 1024 2197 apostolica
1048 2125 1242 2192 reuocare,
1273 2123 1336 2180 eut
1358 2110 1475 2200 usque

178 2207 226 2281 ud
253 2204 359 2275 sineni
384 2201 455 2271 sitis
480 2199 638 2271 similiter
661 2199 698 2270 iu
724 2195 855 2268 eisdem
881 2198 1008 2268 litteris
1034 2194 1196 2286 expresse
1213 2201 1376 2292 equitate
1400 2208 1480 2278 suu·

180 2301 290 2372 dente
315 2292 526 2384 suspendere
553 2294 598 2364 ad
626 2291 846 2364 Vsteriorem
882 2293 954 2381 q'ue
984 2290 1240 2362 executionem
1269 2293 1474 2370 litterarum

130 2425 134 2432 ·
177 2387 454 2484 apostolicatum
480 2385 590 2456 etiam
622 2383 659 2456 iii
685 2383 817 2454 eisdem
847 2381 975 2453 litteris
1005 2379 1247 2476 expressarum
1272 2391 1476 2479 procedere

181 2501 408 2564 miraremur,
443 2475 559 2571 ,Juxta
591 2478 759 2549 traditam
785 2477 807 2548 st
833 2473 913 2549 sede
943 2475 1139 2569 apostolica
1168 2478 1271 2548 nobis
1295 2479 1474 2569 sormam,

180 2577 257 2651 Nos
282 2573 393 2663 igitur
416 2571 672 2643 unitctssus
696 2571 822 2644 Atinas
847 2587 885 2640 et
908 2589 1082 2640 executor
1107 2583 1328 2643 memoratus
1352 2590 1477 2648 etten-

181 2671 314 2742 dentes
327 2663 593 2758 requisitionem
606 2663 811 2734 huiusmodi
830 2665 908 2732 sore
923 2662 1048 2732 iustam
1064 2678 1101 2731 et
1116 2663 1247 2736 rationi
1262 2666 1475 2758 consonam,

179 2753 416 2850 volentesque
441 2752 533 2850 hunc
556 2755 660 2828 nobis
684 2752 816 2826 sectam
840 2752 1121 2826 commissionem
1137 2775 1345 2831 reuerenter
1359 2778 1399 2833 et
1413 2761 1478 2834 de-

178 2853 256 2925 bite
268 2849 403 2943 exequi
431 2867 468 2922 ut
487 2868 654 2922 tenemur
676 2848 813 2922 idcirco
835 2848 1030 2920 autoritate
1045 2847 1356 2938 apostolicanobis
1373 2875 1478 2928 com·

181 2940 281 3020 missa
305 2959 342 3013 et
367 2963 438 3047 qiin
473 2941 655 3034 fungimur
684 2941 719 3014 in
747 2943 812 3013 sinc
838 2960 940 3029 purte
974 2939 1228 3014 inhibitionem
1250 2959 1478 3022 entetnctam

182 3059 255 3111 vna
272 3055 354 3108 cum
379 3035 472 3106 iilius
497 3035 714 3106 executione
739 3051 776 3104 et
801 3032 878 3105 asiis
905 3035 1074 3106 omuibus
1097 3034 1184 3108 inde
1198 3036 1325 3110 secutis
1341 3041 1477 3136 vigore

180 3129 402 3224 presentium
427 3148 637 3199 retineamus
662 3143 724 3200 ent
749 3127 872 3200 sustuna
905 3128 1066 3218 equitare
1091 3127 1261 3202 suadente
1291 3129 1479 3239 usquead

184 3223 292 3296 sirium
319 3224 412 3302 sitis,
444 3221 546 3308 supra
572 3219 734 3312 expresse
758 3221 1001 3311 suspendimus
1032 3239 1074 3290 nc
1104 3238 1312 3296 reuocatum
1337 3229 1397 3297 seii
1421 3227 1477 3300 su·

183 3313 345 3410 spensam
371 3307 440 3385 esse
464 3315 690 3386 deceruimus
715 3331 752 3384 et
767 3313 988 3384 decsnruniue
1012 3314 1057 3385 ad
1084 3313 1293 3390 ulteriorem
1312 3319 1476 3412 deniqne

183 3410 440 3481 executionem
464 3404 684 3500 pres'atarum
717 3406 917 3478 litterarum
950 3408 1224 3498 apostolicarum
1255 3411 1371 3484 eidem
1395 3412 1479 3486 issu-

181 3499 341 3576 ssrissimo
366 3500 517 3573 donnino
541 3499 698 3594 principi
722 3515 759 3572 et
783 3501 864 3574 duci
880 3500 1103 3574 niinnuTO
1130 3499 1176 3572 de
1201 3516 1240 3573 et
1265 3501 1369 3597 super
1391 3503 1479 3602 suri·

183 3593 361 3689 pressione
385 3592 610 3667 extinctione
633 3593 817 3665 erectione
840 3609 878 3666 et
909 3592 1142 3666 translatione
1163 3597 1200 3666 iii
1226 3595 1358 3669 eisdem
1382 3617 1478 3694 apo·

183 3689 313 3762 stolicis
336 3686 489 3772 litteris,
513 3687 657 3778 pleitius
681 3683 870 3791 expressis,
900 3707 962 3778 per
986 3687 1106 3759 sedern
1130 3689 1364 3782 apostolicum
1387 3715 1477 3766 con·

62 3803 65 3816 ¹
183 3778 354 3857 cessatum
377 3782 479 3851 iuxta
504 3796 667 3851 tenorem
692 3780 786 3850 sncte
811 3780 913 3852 uirbis
938 3781 1088 3872 desuper
1111 3779 1365 3856 commissionis
1389 3805 1478 3878 pro·

183 3874 310 3948 cessirri
325 3871 483 3968 prelatus
506 3871 642 3944 sitterns
666 3872 876 3964 apostolicae
900 3871 1002 3966 snpra
1026 3869 1196 3959 insertas,
1221 3894 1258 3948 et
1283 3875 1378 3950 siiirtc
1408 3899 1478 3953 no-

185 3971 295 4042 sirum
319 3962 540 4063 processum,
565 3983 606 4038 nc
630 3966 755 4038 omnin
778 3983 815 4038 et
840 3965 1023 4060 sirigusaln
1048 3968 1099 4039 eis
1124 3987 1297 4042 contenta
1312 3970 1475 4047 Reuoca·

184 4063 323 4139 tionem
349 4081 498 4158 quoque
520 4057 581 4133 seu
603 4055 862 4154 suspensionem
887 4060 1110 4138 ‘iiis‘i'oitioiiis
1124 4062 1328 4139 liniurmodi
1349 4065 1474 4138 douo-

1343 4183 1426 4242 rum
