3222 4764
471 399 684 489 Ecclesiae
712 399 759 488 ad
787 399 845 489 D.
871 402 1095 512 Virginem.
1362 441 1444 530 729

140 645 218 700 rom
242 624 366 700 literas
387 625 601 720 apostolicas
631 621 882 720 suppressionis
915 626 1153 705 extinctionis
1185 635 1376 712 erectionis
1401 657 1440 718 et

140 721 274 792 trausla
292 720 384 794 ionis
411 719 657 814 prelaturum,
682 740 724 791 uc
741 715 920 814 processus
942 741 1071 806 antea,
1097 748 1163 819 per
1177 749 1243 801 nos
1257 751 1297 804 vt
1312 754 1438 810 earum

140 833 397 897 executorem,
432 837 497 904 per
530 813 649 886 sedem
674 813 910 906 apostolicam
940 819 984 887 ad
1021 817 1089 889 ltoe
1119 825 1357 915 deputatum,
1390 830 1438 901 de

138 907 244 1000 super
268 905 477 979 fulminatus
502 909 668 979 decretos
700 907 881 1010 creditos
912 929 993 980 cum
1027 915 1197 985 omnibus
1227 935 1265 989 et
1289 918 1436 1012 singulis

137 1000 299 1072 clausulis
323 1021 365 1072 nc
390 999 543 1072 censuris
568 1018 606 1071 et
631 1000 736 1091 penis
759 1001 796 1070 in
822 1023 874 1069 ers
898 1003 1104 1086 contentis,
1131 1007 1234 1080 vobis
1268 1016 1436 1088 omuibus

135 1113 175 1166 et
198 1093 342 1186 singulis
366 1090 565 1188 premissis,
591 1092 653 1186 qui
678 1114 761 1163 cum
786 1091 841 1163 bis
866 1089 1004 1166 fueritis
1025 1099 1147 1170 debite
1170 1105 1348 1196 requisiti,
1373 1129 1437 1182 aut

136 1187 227 1260 alter
253 1190 407 1261 vestrum
433 1187 542 1259 suerit
566 1185 778 1280 requisitus,
811 1203 886 1258 tam
912 1190 1136 1264 coniunctim
1162 1213 1271 1288 quam
1296 1201 1436 1277 diuisrm

135 1279 346 1353 intimamus
370 1283 588 1352 insinuamus
612 1299 651 1350 er
675 1278 903 1352 notisicamus
919 1301 960 1352 uc
984 1285 1031 1354 ad
1048 1289 1198 1358 vesicam
1225 1313 1262 1362 er
1288 1295 1436 1369 cuilibet

137 1373 291 1446 restrum
316 1373 557 1447 indubitatam
583 1372 750 1444 notitiam
776 1374 988 1446 deducimus
1023 1396 1065 1448 ac
1092 1381 1222 1452 deduci
1247 1387 1434 1476 volumus,

135 1467 192 1538 sris
206 1467 450 1558 presentibus.
475 1465 609 1560 ros'quc
634 1485 761 1536 untnes
786 1485 824 1538 et
848 1469 1003 1554 singulus
1019 1469 1205 1562 premill'os
1220 1495 1261 1549 ac
1278 1481 1433 1556 veslrum

135 1563 335 1650 quemlibet
361 1560 421 1655 qui
448 1559 514 1648 bijs
545 1581 583 1632 et
608 1559 788 1652 prioribus
822 1561 949 1631 unslris
985 1563 1200 1653 processibus
1234 1575 1433 1646 et-sitteris

135 1651 276 1726 lueritis
308 1653 490 1749 requisiti,
524 1670 588 1724 aut
619 1655 711 1725 aster
742 1652 895 1724 vestrum
932 1653 1040 1728 suerit
1073 1659 1283 1752 requisitus,
1318 1667 1352 1736 si
1377 1669 1431 1740 eis

136 1764 315 1840 quatenus
339 1747 541 1840 respectiue
564 1746 610 1818 ad
638 1769 703 1816 vos
737 1763 775 1817 et
804 1747 957 1818 veslrum
991 1753 1191 1842 quamlibet
1216 1758 1433 1848 pertinuerit

136 1839 323 1936 iussique
355 1839 601 1912 conueneritis
631 1835 691 1911 seu
715 1860 788 1911 nun
815 1841 1023 1934 parueritis,
1059 1863 1122 1917 aut
1151 1849 1242 1920 alter
1278 1852 1433 1928 cedrum

135 1935 372 2020 conuenerit,
401 1934 459 2004 seu
486 1955 557 2004 non
591 1931 750 2027 paruerit
781 1954 863 2004 curn
893 1932 1023 2008 ellectu
1049 1959 1176 2022 omnes
1207 1959 1244 2015 ct
1279 1944 1434 2036 sirrgusas

135 2027 299 2102 censuras
322 2046 361 2101 et
384 2045 498 2119 penas
531 2027 568 2098 in
603 2024 736 2098 eisdem
761 2025 940 2119 prioribus
973 2029 1098 2102 nostris
1129 2034 1345 2127 processibus
1370 2063 1436 2112 ex-

136 2116 291 2216 pressas,
323 2141 361 2188 er
386 2143 453 2214 per
485 2141 551 2192 nos
574 2120 687 2201 latas,
720 2118 778 2189 seu
806 2113 1013 2193 fulminatos
1043 2121 1121 2214 ipso
1149 2125 1246 2201 sacto
1276 2130 1434 2207 incidisse

136 2233 175 2288 et
197 2211 376 2289 incurrisse
409 2216 577 2286 volumus
601 2212 829 2284 decernimus
861 2232 899 2285 et
931 2217 1154 2290 declaremus
1185 2223 1287 2296 iuxta
1310 2225 1430 2297 huius-

133 2310 236 2380 modi
250 2310 411 2405 priorum
430 2306 628 2378 nostrorum
654 2301 898 2401 processuum,
924 2309 998 2381 vim
1022 2311 1176 2384 sormam
1199 2333 1431 2406 ettenorenr,

132 2421 202 2494 per
228 2403 315 2472 inde
339 2423 381 2473 ac
404 2399 428 2470 fi
453 2421 580 2471 ortrnes
606 2417 644 2472 et
669 2400 806 2492 singule
830 2399 975 2473 censure
999 2419 1146 2495 etpene
1167 2407 1374 2483 huiusmodi
1390 2414 1430 2489 in

162 2490 353 2566 recessibus
379 2492 445 2563 biis
470 2489 697 2585 presentibus
720 2495 876 2588 repetite
901 2493 974 2564 late
1005 2511 1043 2567 et
1068 2495 1258 2573 lulminate
1279 2507 1326 2576 de
1350 2527 1431 2581 vet·

133 2515 185 2661 llo
217 2587 266 2660 ad
300 2587 451 2659 verbum
479 2581 620 2658 luissent
652 2585 735 2660 Non
770 2586 990 2660 obstantibus
1021 2590 1189 2664 omnibus
1224 2617 1297 2687 que
1330 2597 1428 2674 idem

131 2675 365 2754 sanctissimus
390 2679 558 2750 dominus
589 2679 707 2750 noster
730 2699 829 2772 papa
855 2680 893 2753 in
919 2679 985 2752 suis
1013 2683 1129 2766 ‚literis
1157 2689 1361 2778 preinsertis
1387 2713 1431 2766 ac

131 2775 212 2847 aliis
236 2772 418 2867 prioribus
441 2786 516 2843 tam
543 2769 610 2843 suis
634 2789 742 2866 quam
768 2771 1024 2865 predecessoris
1048 2773 1097 2846 sci
1124 2779 1280 2870 presati,
1313 2787 1430 2860 voluit

130 2887 205 2941 non
231 2867 371 2939 obdare
396 2865 435 2936 ln
459 2883 614 2956 quorum
640 2864 803 2939 omnium
833 2884 871 2939 et
900 2867 1117 2958 singulorum
1153 2870 1260 2946 sidem
1285 2877 1429 2970 presen-

132 2975 187 3033 tes
216 2961 352 3032 nostras
386 2959 524 3031 litteras
557 2957 629 3030 bue
660 2958 730 3029 boc
761 2957 906 3051 presens
938 2961 1123 3054 publicum
1149 2966 1427 3050 lrrslrumentum

130 3047 331 3148 processum
356 3052 514 3124 nodrum
539 3049 744 3123 huiusmodi
768 3051 805 3124 in
832 3049 867 3123 se
891 3054 1117 3128 continentes
1142 3057 1214 3131 siue
1236 3065 1428 3143 continens

130 3149 263 3219 exinde
288 3143 363 3218 lieri
391 3143 436 3214 Ec
487 3165 527 3216 er
551 3144 741 3218 Notarium
764 3144 949 3239 publicum
975 3147 1259 3246 infrascriptum
1283 3157 1429 3234 subscri-

128 3239 166 3312 bi
191 3258 229 3313 et
253 3236 429 3346 publicari
454 3165 644 3330 iuraque
668 3238 863 3311 abbaciasis
888 3238 998 3330 sigilli
1025 3240 1176 3316 lecimus
1205 3253 1428 3343 appensione

128 3334 263 3420 muniri
279 3335 414 3406 Actum
430 3329 622 3403 MONACl
646 3329 684 3403 in
709 3331 949 3405 castroducali
974 3334 1078 3406 l'olite
1102 3339 1289 3415 residentie
1308 3346 1425 3439 prela-

127 3425 159 3498 ti
192 3424 371 3498 dominini
406 3418 618 3494 sssusirlslimi
652 3423 753 3498 (luds
784 3425 856 3496 sub
884 3445 981 3501 anno
1013 3425 1259 3509 aNatiuitate
1282 3441 1423 3516 domini

127 3517 319 3594 Millesimo
343 3513 700 3610 quadringentesimo
721 3517 965 3612 Nonagesrmo
996 3519 1127 3613 quinto
1150 3527 1330 3604 inditione
1353 3551 1425 3608 tre.

127 3611 273 3687 decima
288 3609 349 3682 die
363 3605 710 3682 verosextomensns
736 3610 857 3702 Martii
881 3613 1114 3707 pontificatus
1138 3617 1269 3708 prelati
1284 3621 1424 3703 sanctis·

125 3703 204 3778 sami
227 3701 365 3776 domini
390 3699 496 3772 nostri
521 3701 807 3778 ALEXANsilsl
832 3724 930 3812 pape
951 3726 1048 3780 anno
1072 3708 1149 3781 eius
1174 3713 1309 3802 tertio,
1340 3711 1439 3814 pre.'

125 3795 286 3873 sentibus
311 3794 400 3867 lnibi
426 3793 689 3886 spectabilibus
719 3797 867 3868 strenuis
900 3799 1080 3871 nobilibus
1117 3819 1155 3876 et
1181 3807 1307 3880 validis
1332 3813 1420 3890 viris

126 3889 285 3968 dominis
309 3887 604 3963 BUssCllARDO
629 3890 676 3963 de
700 3887 980 3966 KNOlllNGsiN
1001 3892 1224 3986 capitaneo,
1253 3901 1421 3982 WOLF.

127 3981 302 4065 GANGO
316 3979 543 4060 deduntur
566 3981 735 4083 magillro
759 4005 886 4154 οΖιιὲιξ,Ζ
901 3985 1082 4082 equitibus
1108 3993 1240 4070 auratis
1250 4043 1284 4165 h
1285 4014 1325 4164 Rc
1323 3997 1418 4166 do.
