3302 4740
244 508 328 620 326
563 500 815 593 Continuatio
845 499 1204 592 Monumentorunr

239 717 583 813 Num.CCxL.
638 717 970 836 Indulgentiae
992 753 1076 838 pro
1090 719 1284 838 Capella
1304 747 1354 813 et
1371 730 1528 819 Altari

338 853 427 946 SS.
444 853 626 958 Sebast.
651 877 702 944 et
719 857 924 974 Agnetis
944 854 1078 957 MM.
1134 859 1277 948 Anno
1309 884 1426 977 1442.

307 1139 560 1247 RlDERlCUS
577 1141 635 1216 dei
647 1140 764 1239 gratia
778 1141 1086 1238 Salczeburgenfis
1109 1141 1264 1220 Ecclelre
1284 1144 1536 1243 Archiepisco·

329 1283 397 1360 pus
419 1260 640 1357 apostolicae
657 1260 756 1334 Sedis
772 1261 946 1360 Legatos.
972 1259 1155 1334 Vniuerlis
1174 1279 1212 1336 et
1237 1265 1382 1363 lingulis
1407 1266 1534 1342 Christi

236 1382 405 1465 fidelibus
429 1377 614 1474 presentes
637 1378 758 1455 literas
780 1373 1004 1476 inspectant
1028 1381 1187 1455 Salutem
1214 1381 1250 1455 in
1269 1383 1420 1459 domino
1444 1385 1535 1461 lem·

235 1507 431 1604 piternam.
455 1499 669 1592 cupientes,
691 1514 733 1574 vt
756 1500 945 1595 cappella,
967 1515 1005 1572 et
1030 1500 1157 1574 Alcarc
1180 1499 1289 1574 lancti
1314 1503 1536 1590 Sebastiam,

238 1642 277 1698 et
297 1620 419 1695 lanrte
433 1615 592 1710 Agnetis
607 1615 794 1690 martirum
819 1619 855 1690 iu
878 1617 1094 1711 parrochiali
1118 1618 1268 1694 Ecclesia
1286 1619 1394 1695 beate
1416 1620 1534 1694 Marie

234 1736 388 1834 virginis
410 1733 512 1829 opidi
528 1735 752 1809 monacenlis
774 1732 986 1831 {risurgenfis
1003 1735 1151 1810 diocelis
1174 1737 1339 1812 situatum
1362 1738 1536 1833 congruis

235 1856 513 1952 frequententur
524 1852 734 1939 honoribus,
748 1869 786 1927 et
800 1852 958 1926 aChrilli
977 1852 1140 1928 fidelibus
1163 1857 1299 1952 iugiter
1312 1876 1536 1933 venerentur

235 1972 407 2050 omnibus
431 1991 519 2044 vere
542 1970 794 2066 penitentibus
816 1969 978 2047 conlellis
1002 1991 1114 2069 atque
1131 1973 1310 2068 contritis,
1333 1975 1394 2073 qui
1419 1976 1454 2048 io
1480 1975 1534 2048 le·

103 2111 105 2116 ’
232 2090 451 2172 liiuitatibus
473 2086 566 2164 iufra
590 2087 731 2183 scriptis
750 2092 920 2166 videlicet
941 2090 1194 2180 dedicationis,
1216 2112 1451 2189 patronorum
1469 2114 1535 2166 eo·

232 2211 403 2298 cundem,
425 2229 498 2284 nee
520 2229 593 2282 non
618 2207 772 2300 Natalis,
793 2208 1099 2295 circumcifionis,
1125 2209 1345 2306 Epipltanie‚
1367 2228 1407 2286 et
1430 2215 1533 2284 Ceae

233 2327 389 2416 domini,
411 2325 531 2416 Pasce,
553 2325 796 2417 Alcmeonis,
820 2329 1086 2420 Penthecolles,
1109 2329 1310 2413 Trinitatis,
1336 2347 1374 2402 et
1391 2334 1534 2425 Corpo-

234 2451 284 2529 ris
307 2445 462 2534 Christi,
491 2465 634 2520 necnon
659 2444 902 2530 inuentionis,
926 2465 966 2523 et
988 2447 1226 2522 Exultatioais
1251 2444 1371 2520 sancte
1395 2451 1530 2524 Crucis.

232 2572 275 2646 lo
302 2584 459 2666 quatuor
472 2560 735 2640 ¹lelliultatibus
758 2568 867 2643 beate
890 2566 1008 2642 Mario
1031 2565 1195 2658 virginis,
1218 2563 1329 2640 lancti
1342 2565 1531 2644 Michaelis

233 2705 272 2764 et
294 2683 459 2762 omniunt
478 2683 721 2779 Angelorum,
744 2683 840 2758 Petri
854 2702 892 2758 et
905 2683 1017 2772 Pauli,
1039 2701 1079 2758 et
1099 2684 1251 2759 aliorum
1268 2684 1528 2780 Apostolorum

217 2808 459 2904 sauctorum,
494 2816 533 2873 et
555 2797 738 2897 Johannis
759 2803 918 2898 Baptiste
945 2802 1047 2878 causa
1071 2803 1279 2877 deuotionis
1311 2806 1359 2878 ad
1382 2804 1529 2878 easdem

229 2919 472 3002 confluxerint
494 2935 583 2994 vota
606 2919 667 2996 lua
688 2919 779 2996 inibi
796 2919 1050 3016 persoluenda,
1072 2917 1279 2995 leonianus
1297 2923 1530 3015 porrexerint

230 3040 438 3128 adiutrices,
461 3039 509 3112 de
523 3038 790 3134 omnipotentis
808 3038 867 3112 dei
885 3035 1142 3127 misericordia,
1163 3058 1207 3112 ac
1223 3039 1413 3114 beatotum
1430 3041 1527 3114 Petri

233 3177 273 3238 et
297 3159 395 3236 Pauli
417 3157 678 3252 Apostolorum
702 3156 781 3231 eius
804 3155 924 3231 conlisi
947 3151 1142 3251 suffragiis,
1176 3157 1416 3255 quadraginta
1445 3161 1525 3232 dies

232 3275 546 3376 indulgentiarum
581 3275 628 3350 de
649 3275 818 3351 iniunctis
850 3273 902 3349 eis
926 3273 1142 3370 penitentijs
1177 3274 1449 3350 misericorditer
1486 3279 1527 3350 in

233 3397 386 3476 domino
410 3393 624 3468 relaxamus.
650 3388 785 3470 Harum
807 3394 1011 3469 testimonio
1027 3392 1235 3466 literarum.
1261 3393 1386 3469 datum
1409 3398 1526 3468 salcz-

233 3517 350 3616 burge
373 3512 502 3589 mealia
524 3513 663 3612 augolli
687 3514 747 3588 die
768 3511 933 3587 secunda.
960 3509 1222 3589 Auuodomiui
1240 3512 1529 3611 Millefimoqua·

233 3633 526 3736 driugentelimo,
550 3631 826 3733 quadragelimo
848 3627 1017 3710 secundo.
