3222 4764
374 396 378 420 '
474 387 692 476 Ecclesiae
721 387 771 472 ad
798 383 852 474 D.
882 388 1108 501 Virginem.
1365 426 1444 510 727

142 619 276 711 stylum
301 615 466 688 Romane
486 611 620 686 Curiae
641 610 816 684 hactenus
849 612 1082 686 obseruatum
1114 612 1347 691 inhibitiones
1365 621 1439 716 ¹sub

141 710 300 789 censuris
323 707 400 782 lieri
425 727 499 782 non
523 705 786 780 consueuerunt
809 709 983 800 quodque
1007 705 1087 798 ipse
1103 705 1260 782 Dux'ex
1284 711 1438 790 hocnon

142 825 269 904 porum
284 818 456 897 grauatus
481 798 623 876 exiliit:
650 799 1013 894 volentesquesoper
1037 801 1090 874 his
1104 802 1225 875 eidem
1239 805 1332 878 Duri
1354 827 1437 898 pro-

142 901 265 975 uidere
279 910 473 993 oportune,
489 893 640 988 eiusque
663 891 701 965 in
726 891 794 966 boc
816 909 922 986 purte
942 893 1269 987 supplicationibus
1292 897 1440 974 inclina·

139 996 194 1069 ti:
220 989 284 1064 tibi
308 1009 374 1085 per
390 985 574 1083 presentes
592 984 879 1068 committimust
904 1003 943 1059 ut
962 985 1218 1061 inhibitionem
1235 987 1437 1084 praefatam

140 1086 210 1161 etsi
235 1083 330 1158 lorte
355 1080 489 1175 exequi
513 1078 730 1163 obtinuerit,
754 1098 835 1153 cum
861 1079 1029 1153 omnibus
1054 1080 1141 1153 inde
1164 1085 1299 1156 secutis
1318 1101 1440 1162 nocto-

139 1181 248 1254 ritote
272 1175 485 1270 Apollolica
506 1192 678 1260 reuoces,
710 1190 773 1246 ont
804 1175 996 1266 usquead
1027 1171 1134 1246 linem
1166 1176 1239 1250 litis
1272 1180 1436 1272 equitate

140 1273 319 1348 suadente
335 1269 557 1360 suspendor,
582 1267 629 1338 od
653 1266 937 1360 ulterioremque
957 1269 1212 1341 executionem
1237 1269 1339 1345 iuxta
1365 1273 1437 1346 inr-

138 1386 239 1441 mom
263 1363 446 1435 literarum
477 1356 697 1454 prolatarum
728 1360 929 1452 procedas:
970 1360 1052 1432 Nun
1086 1361 1307 1436 obliuntibus
1331 1385 1435 1459 proc·

138 1457 258 1534 missis
281 1475 324 1528 oc
348 1452 675 1528 constitutionibus
700 1469 739 1525 et
763 1451 1052 1526 ordinationibus
1072 1456 1105 1526 A
1138 1454 1291 1529 ollolicis
1315 1476 1436 1532 caete·

136 1551 261 1644 risque
275 1543 462 1634 controrijs
475 1544 760 1641 quibuscunque.
809 1473 1436 1640 tratumnoutnfiapunsanetum

137 1646 283 1720 Petrum
306 1640 374 1712 sub
403 1641 538 1714 annulo
563 1637 756 1710 Piscatoris
786 1636 847 1710 tlie
873 1637 1038 1716 xxvrn.
1067 1635 1234 1736 Jarnunrij
1266 1644 1318 1717 M.
1349 1666 1434 1720 cccc

138 1739 306 1816 Lxxmtr.
332 1730 565 1806 Pontificatus
586 1729 700 1806 nostri
724 1733 839 1807 Auno
863 1729 1001 1805 Tertio.

1083 1850 1120 1923 B.
1147 1849 1391 1934 FLORIDUS.

231 1972 378 2048 Dilecto
404 1969 478 2044 lilio
503 1965 643 2042 Abbati
667 1965 879 2057 lintrestcrij
905 1968 942 2042 in
957 1967 1141 2044 teuniter
1159 1969 1306 2048 Ordinis
1319 1973 1433 2050 sancti

138 2065 325 2146 Benedicti
348 2060 580 2160 Augusteniis
605 2060 791 2145 Dioceliis.

137 2294 271 2384 Num.
295 2277 550 2380 CCCXCI.
612 2289 860 2378 Processus
891 2294 1233 2379 commissorius
1260 2289 1434 2383 Brevis

304 2403 550 2520 apostolici
579 2401 920 2519 praecedentis.
977 2401 1121 2488 Anno
1141 2433 1258 2516 1495.

135 2547 398 2738 Reuerendo
422 2572 463 2646 ln
487 2569 624 2646 christo
654 2570 748 2666 pntri
779 2567 929 2644 domino
956 2570 1135 2710 Episcopo
1160 2573 1368 2668 Frifingenh
1388 2589 1428 2646 et

235 2665 330 2738 illius
349 2666 520 2754 capitulo
548 2685 591 2738 tte
621 2665 660 2736 in
683 2663 933 2758 Spirituulibus
959 2664 1109 2739 licurio
1138 2665 1320 2764 generali,
1355 2665 1432 2742 Nec

136 2761 275 2839 nonilli
302 2760 359 2832 uel
383 2759 471 2844 illis,
493 2777 603 2863 quern
629 2761 686 2831 uel
712 2777 802 2851 quos
827 2755 1090 2851 infrascriptum
1104 2759 1224 2853 tangit
1237 2758 1430 2852 negotium

136 2857 197 2932 seu
217 2873 370 2948 tongere
396 2870 531 2945 poterit
555 2852 833 2948 quomodolibet
856 2849 1056 2926 inluturum
1082 2852 1263 2928 Vniucrhs
1281 2872 1430 2948 quoque

135 2971 174 3024 et
199 2947 342 3044 singuiis
368 2945 597 3032 Abbotibus,
622 2944 836 3040 prepolitis‚
860 2943 1029 3030 decenis,
1054 2946 1244 3019 cononicis
1262 2946 1429 3040 plebanis

134 3045 195 3119 len
229 3038 455 3116 eccleliotum
494 3038 757 3134 parochialium
790 3039 1001 3110 llectoribus
1036 3059 1233 3133 eorumque
1266 3039 1427 3124 vicariis,

133 3133 347 3236 presbiteris
358 3131 488 3205 curatis
502 3151 540 3204 et
555 3153 627 3206 non
649 3131 783 3205 curatis
797 3151 838 3202 cc
854 3133 1002 3204 notoriis
1019 3130 1171 3225 publicis
1198 3148 1236 3204 et
1259 3133 1425 3206 tabellio-

134 3233 240 3304 nibus
260 3226 412 3298 ubilibet
429 3225 630 3299 constitutis
646 3223 898 3299 erllClSSUS
914 3221 1145 3298 mit'erutione
1157 3223 1280 3299 diuino
1296 3223 1423 3301 Abbos

136 3319 343 3400 hlorrnllerii
368 3319 408 3390 ln
434 3319 620 3402 PEUREN
655 3317 802 3392 Ordinis
833 3315 945 3391 lancti
977 3317 1160 3392 benedicti
1194 3319 1427 3414 Augustenbs

134 3416 284 3493 diocelis
310 3413 493 3486 Executor
518 3411 654 3488 Vnicus
677 3413 725 3486 cd
748 3407 841 3484 inire
870 3410 999 3506 lcriptn
1023 3431 1102 3505 per·
1119 3410 1276 3486 litnctmn
1305 3410 1427 3486 sedem

133 3504 969 3603 apostolimtml'pociolitertleputtttussolutern
995 3505 1032 3578 in
1058 3505 1208 3580 domino
1231 3503 1426 3600 ntquehijs

133 3601 355 3702 presentibus
380 3599 565 3673 indubiam
589 3599 763 3672 adhibere
786 3597 919 3684 iidem,
943 3599 1080 3672 litteras
1105 3598 1142 3671 in
1167 3596 1283 3672 formu
1307 3596 1426 3671 breuis

133 3691 343 3773 sunctillimi
358 3691 544 3764 inChrillo
557 3693 671 3786 porris
687 3709 725 3764 et
743 3689 881 3764 domini
897 3692 1024 3775 nostri,
1048 3692 1186 3765 domini
1210 3691 1425 3766 ALEXAN-

133 3793 215 3865 Dill
242 3787 369 3864 diuino
394 3785 626 3880 prouidentia
651 3805 748 3880 pnpe
773 3784 867 3857 illius
892 3784 1048 3857 nominis
1072 3784 1198 3868 Sexti,
1229 3783 1361 3858 titulos
1385 3802 1425 3857 ct

131 3885 266 3961 annulo
282 3877 464 3978 piscatoris
481 3899 582 3952 ruore
608 3879 699 3952 ledis
722 3877 917 3971 epolioiice
941 3878 987 3952 ab
1001 3892 1105 3962 extre
1130 3879 1283 3976 lignatus
1297 3895 1424 3950 etmu-

133 3981 249 4059 nitas,
284 3995 352 4068 pro
377 3988 481 4066 perte
511 3967 720 4045 illustrillinri
752 3970 925 4067 principis
954 3988 992 4044 et
1017 3971 1155 4046 domini
1180 3970 1318 4048 domini
1344 3971 1425 4045 Al.-
1499 4037 1501 4042 .

132 4069 271 4152 BERTl
285 4065 440 4145 comitis
464 4065 618 4165 pnlrtiui
638 4064 730 4144 neni
751 4083 793 4144 tc
815 4065 890 4146 nlte
912 4082 951 4143 et
974 4061 1069 4141 balle
1091 4066 1240 4146 bunede
1254 4063 1428 4140 dorisco·

1302 4177 1381 4236 tam
