3264 4812
151 413 234 513 668
448 405 745 498 'continuatio
772 403 1133 508 Monumentorum
1184 465 1187 472 -

154 647 232 710 tem
256 643 295 706 et
318 645 500 706 marmora
531 630 604 705 srue
629 629 714 706 saxa
751 629 886 726 quein
917 629 1061 726 prelata
1090 631 1236 708 ecclesa
1259 649 1460 734 antequam

156 727 204 804 de
228 747 324 800 nouo
349 725 505 799 construi
529 724 674 822 incepta
709 721 804 799 soret
828 725 1033 801 exiliebant
1055 727 1194 802 ibidem
1219 751 1461 827 permaneant

156 821 209 896 ita
232 835 357 895 tamen
381 839 422 892 ut
448 842 518 894 vna
541 839 688 917 queque
712 818 852 894 samilia
892 841 998 896 surram
1031 823 1212 896 duntaxat
1241 828 1465 921 sepulturam

158 915 335 991 maiorum
349 912 420 986 noe
440 914 719 1012 progenitorum
736 913 879 990 snorum
896 932 934 986 et
952 937 1064 989 vnum
1086 917 1199 988 solum
1216 937 1375 992 marmor
1391 923 1470 994 five

160 1008 284 1106 santum
309 1005 462 1102 desuper
486 1008 648 1104 positum
673 1008 710 1082 in
736 1010 832 1082 dicta
856 1007 1000 1082 ecclelia
1028 1010 1161 1083 babere
1179 1011 1318 1098 ualeat,
1341 1014 1472 1110 inqua

159 1103 345 1192 sepultura
369 1121 498 1174 omnes
525 1099 676 1196 persone
700 1103 889 1196 utriusque
913 1100 1017 1176 sexus
1037 1125 1085 1177 ex
1109 1107 1240 1177 eadem
1266 1105 1404 1179 larrrilia
1427 1123 1471 1181 et

159 1194 361 1294 agnatione
383 1195 579 1268 exilientes
601 1210 640 1269 et
663 1197 782 1269 nullus
806 1196 896 1268 alius
920 1196 1062 1290 sepeliri
1087 1196 1214 1288 possit,
1230 1215 1267 1270 et
1291 1201 1313 1270 su
1340 1201 1466 1296 aliqua

164 1289 304 1366 familia
331 1290 456 1384 plures
482 1288 683 1384 sepulturas
704 1289 740 1363 iu
758 1291 887 1364 eadem
908 1289 1054 1365 ecclelia
1086 1291 1260 1364 hactenus
1287 1293 1473 1369 habuisset

162 1383 274 1458 unica
296 1381 475 1458 duntaxat
500 1382 676 1478 deinceps
709 1384 750 1457 lit
774 1401 961 1458 contenta¹
979 1402 1019 1458 et
1049 1387 1190 1476 relique
1223 1381 1405 1459 cassentur
1429 1405 1470 1461 et

158 1477 398 1565 aboleantur,
422 1492 461 1549 et
485 1475 510 1548 sr
534 1475 648 1550 etiam
672 1477 792 1574 aliqua
815 1478 854 1552 in
879 1475 1021 1576 prelata
1045 1479 1191 1550 ecclesa
1206 1479 1373 1572 Capellae
1398 1481 1473 1555 siue

161 1570 287 1646 missas
312 1587 513 1666 perpetuas
537 1573 832 1667 quandocunque
855 1567 1024 1646 suodatas
1048 1573 1108 1644 nel
1133 1571 1351 1665 sepultorum
1372 1571 1474 1666 apud

160 1665 305 1740 easdem
331 1666 377 1738 ab
402 1663 479 1738 anti
510 1684 558 1737 uo
582 1663 716 1740 habeat
745 1663 846 1759 quod
876 1663 1031 1761 persone
1063 1665 1250 1761 utriusque
1284 1663 1390 1740 sexus
1423 1688 1474 1740 ex

158 1759 172 1833 i
201 1757 236 1834 sa
253 1757 391 1832 familia
415 1683 611 1831 exilientes
636 1757 697 1831 ille
727 1779 772 1833 ue
800 1760 848 1833 ad
884 1779 974 1856 quas
995 1759 1051 1836 ius
1079 1777 1294 1866 patronatus
1317 1758 1471 1836 alicuius

197 1854 316 1946 apelle
341 1851 414 1924 liue
437 1868 620 1946 perpetue
645 1777 753 1926 raige
776 1853 963 1950 pertinere
996 1853 1153 1927 noliutur
1184 1854 1296 1925 etiarn
1322 1875 1395 1948 que
1421 1856 1474 1928 tle

160 1943 300 2021 familia
323 1961 362 2019 et
384 1945 584 2044 agnatione
609 1961 851 2038 patronorum
878 1945 1014 2028 luerint
1045 1948 1235 2042 utriusque
1260 1945 1364 2020 sexus
1389 1967 1475 2042 per·

162 2037 249 2114 sone
272 2038 412 2134 possint
435 2038 535 2111 illam
559 2039 720 2114 retinere
744 2039 831 2114 dnm
856 2058 982 2115 tamen
1006 2040 1116 2115 vnico
1140 2038 1227 2114 saxo
1252 2040 1326 2118 siue
1342 2061 1474 2115 monu-

161 2150 291 2208 mento
315 2153 385 2228 pro
408 2130 549 2207 familia
583 2133 718 2206 etalio
744 2153 818 2243 pro
851 2134 1014 2231 patronis
1037 2135 1109 2209 siue
1141 2131 1393 2209 sundatoribus
1421 2155 1471 2210 ac

165 2228 213 2303 de
236 2247 366 2302 eorum
399 2224 535 2301 familia
568 2242 607 2298 et
630 2243 831 2322 agnatione
863 2228 1100 2304 existentibus
1135 2228 1202 2302 srnt
1232 2245 1407 2304 contente
1433 2244 1476 2302 et

163 2322 300 2396 nullam
332 2321 440 2396 aliam
503 2318 673 2393 ersonam·
698 2339 805 2394 extra
829 2320 1006 2397 familiam
1039 2340 1080 2396 et
1109 2323 1348 2436 agnationem
1373 2321 1477 2395 suam

163 2413 382 2504 existentem
405 2413 444 2488 in
468 2340 605 2488 dictam
628 2411 826 2517 spulturam
851 2416 1050 2517 recipiant,
1075 2421 1151 2490 etlr
1168 2417 1273 2512 plura
1285 2413 1474 2507 sepulchra

162 2510 236 2582 line
250 2525 487 2582 monumenta
503 2526 615 2604 quam
636 2527 749 2582 vnum
763 2509 900 2584 lamilie
915 2531 954 2583 et
970 2509 1068 2584 aliud
1084 2528 1326 2602 patronorum
1342 2511 1381 2583 in
1397 2509 1462 2583 ali·

165 2621 238 2697 qua
261 2603 483 2696 prelatorum
509 2602 738 2697 capellarum
772 2604 927 2680 exiliant
955 2621 1064 2679 anta
1097 2603 1143 2676 ud
1175 2603 1297 2678 locum
1330 2602 1368 2678 in
1394 2623 1470 2703 quo

163 2695 288 2862 oligua
304 2695 409 2770 Missa
433 2712 611 2791 perpetua
635 2695 839 2770 celebratur
854 2716 1020 2792 pronunc
1043 2623 1162 2771 egent
1188 2698 1226 2773 in
1252 2694 1394 2794 prosata
1413 2720 1474 2772 ee·

165 2790 221 2862 cle
248 2810 269 2863 a
292 2788 353 2863 illa
379 2789 531 2863 omnino
555 2786 682 2862 cassari
706 2788 865 2865 debeant
887 2809 926 2865 et
943 2790 1083 2864 aboleri
1105 2792 1231 2864 vicarii
1255 2807 1378 2865 tamen
1401 2792 1477 2864 liue

166 2883 356 2978 capellani
369 2884 599 2978 capellarum
616 2879 676 2958 seu
699 2881 959 2980 perpetuarum
973 2881 1153 2958 mularum
1170 2883 1372 2962 ¹ruiusmotli
1395 2901 1476 2959 tana

165 2973 352 3143 gresentes
376 2997 488 3074 quarn
513 2975 622 3051 futuri
646 2977 750 3053 iuxta
774 2979 943 3072 capellas
969 2978 1041 3050 siue
1065 2978 1148 3054 loca
1174 2978 1235 3053 vbi
1257 2975 1366 3050 Misse
1387 2977 1481 3051 tele-

197 3071 266 3145 tari
282 3069 547 3146 consueueruot
561 3070 779 3167 sepulturam
791 3070 926 3145 babere
941 3075 1088 3146 ualeant
1102 3073 1153 3144 ita
1166 3072 1280 3165 etiarn
1294 3087 1334 3144 ut
1349 3091 1482 3146 omnes

172 3165 362 3260 capellani
377 3166 450 3239 liue
464 3165 592 3240 vicarii
609 3161 800 3238 cuiuslibet
822 3167 973 3260 Capella
989 3164 1060 3238 stue
1078 3163 1184 3239 Misce
1204 3161 1266 3238 sub
1290 3185 1365 3238 vno
1384 3186 1485 3240 mar·

173 3276 279 3333 more
293 3257 373 3332 siue
383 3259 472 3334 saxo
490 3274 529 3331 et
542 3258 582 3332 in
599 3277 674 3330 vno
689 3255 879 3351 sepulchro
894 3256 929 3331 se
957 3259 1113 3333 eliautur
1125 3277 1164 3334 et
1181 3259 1317 3354 singule
1336 3257 1487 3352 capelle

172 3348 337 3446 predicte
352 3355 423 3428 tria
436 3354 614 3425 duntaxat
628 3349 815 3445 sepulchra
825 3279 993 3427 saxeffue
1005 3370 1185 3427 marmora
1195 3353 1330 3426 habere
1341 3350 1482 3445 possint

171 3465 286 3520 vnum
301 3467 370 3542 pro
384 3442 522 3520 samilia
537 3465 575 3518 et
593 3443 795 3542 agnatione
810 3461 848 3518 et
861 3447 958 3519 aliud
969 3467 1037 3540 pro
1050 3445 1216 3540 patronis
1231 3443 1410 3542 reliquum
1423 3465 1486 3519 ue-

172 3561 215 3614 ro
230 3561 296 3636 pro
313 3539 603 3636 capellanissiue
616 3538 759 3612 vicariis
774 3538 1006 3634 supradictis,
1032 3542 1077 3612 Et
1099 3538 1334 3613 nibilominus
1356 3557 1487 3635 procu·

177 3634 359 3709 tatoribus
384 3631 522 3709 sabrire
545 3632 642 3707 dicte
674 3633 825 3706 ecclefie
850 3633 1003 3710 Vitricis
1021 3633 1239 3727 nuncupatis
1258 3631 1321 3705 sub
1336 3651 1487 3707 excom·

172 3727 431 3803 manicationis
455 3745 687 3823 pena-quam
713 3727 736 3799 sr
767 3725 867 3800 secus
899 3729 1053 3801 iecerint
1082 3727 1161 3824 ipso
1195 3727 1294 3800 lacto
1318 3727 1479 3801 incurre-

175 3822 249 3897 rin't
273 3822 465 3896 districtius
487 3820 692 3895 inhibemus
716 3841 763 3894 ne
789 3821 959 3896 statutum
994 3840 1034 3896 et
1067 3822 1340 3895 ordinationem
1367 3817 1487 3892 buius·

174 3915 277 3993 modi
300 3915 504 4010 transgredi
530 3930 593 3989 aut
617 3933 745 3989 contra
774 3916 836 3989 illa
867 3916 1010 4013 aliquid
1036 3915 1157 3990 facere
1183 3916 1241 3990 vel
1265 3930 1488 4009 attemptare

174 4027 239 4086 aut
261 4009 337 4086 fieri
362 4011 422 4084 uel
445 4009 657 4104 attemptari
691 4008 905 4106 permittere
939 4031 1090 4108 quoquo
1112 4009 1224 4082 modo
1254 4007 1484 4102 presumant,

177 4105 342 4184 llautem
362 4103 489 4203 alique
511 4103 684 4183 bonnelle
707 4103 861 4204 persone
886 4127 957 4200 que
983 4107 1029 4181 ab
1052 4105 1204 4200 antiquo
1228 4101 1284 4179 ins
1298 4101 1484 4206 sepulture

1404 4213 1444 4270 ru
